@collection{voort2000indigenous,
editor = {Voort, H. van der and van de Kerke, Simon},
title = {Indigenous Languages of Lowland {South America}},
year = {2000},
publisher = {Research School of Asian, African, and Amerindian Studies},
location = {Leiden},
}

@collection{romerofigueroa2011lenguas,
title = {Lenguas indígenas de {América}},
subtitle = {morfología y sintaxis},
editor = {Romero-Figueroa, Andrés},
publisher = {Universidad Católica Andrés Bello},
location = {Caracas},
year = {2011},
}

@collection{dixon1999amazonian,
title = {The {Amazonian} Languages},
editor = {Dixon, R.M.W. and Aikhenvald, Alexandra Y.},
year = {1999},
publisher = {Cambridge University Press},
location = {Cambridge},
}

@collection{comrie2014contact,
location = {Berlin},
title = {Language Contact and Documentation / Contacto lingüístico y documentación},
editor = {Comrie, Bernard and Golluscio, Lucia},
publisher = {Walter de Gruyter},
year = {2014},
}

@mvcollection{cabral2001estudos,
title = {Estudos sobre Línguas Indígenas},
editor = {Cabral, Ana Suelly Arruda Câmara and Rodrigues, Aryon},
volumes = {2},
publisher = {Editora da Universidade Federal do Pará},
location = {Belém},
year = {2001}
}

@collection{rodrigues2005novos,
title = {Novos estudos sobre línguas indígenas},
editor = {Rodrigues, Aryon D. and Cabral, Ana Suelly Arruda Câmara},
year = {2005},
publisher = {Editora Universidade de Brasília},
location = {Brasília}
}

@collection{stenzel2017voices,
title = {On this and other worlds},
subtitle = {Voices from {Amazonia}},
editor = {Stenzel, Kristine and Franchetto, Bruna},
year = {2017},
publisher = {Language Science Press},
location = {Berlin},
}

@proceedings{bls1993proceedings,
title = {Proceedings of the Nineteenth Annual Meeting of the Berkeley Linguistics Society},
subtitle = {Special Session on Syntactic Issues in Native {American} Languages},
editor = {Peterson, David A.},
publisher = {Braun-Brumfield},
location = {Berkeley},
year = {1993}
}

@proceedings{vandekerke2000bajas,
editor = {van der Voort, Hein and van de Kerke, Simon},
title = {Essays on indigenous languages of lowland {South America}},
subtitle = {Contributions to the 49th International Congress of {Americanists} in Quito 1997},
location = {Leiden},
publisher = {Research School of Asian, African, and Amerindian Studies (CNWS)},
year = {2000}
}

@collection{storto2014sintaxe,
title = {Sintaxe e semântica do verbo em línguas indígenas do {Brasil}},
editor = {Storto, Luciana and Franchetto, Bruna and Lima, Suzi},
year = {2014},
publisher = {Mercado de Letras},
location = {Lisbon}
}

@collection{sherzer1986native,
title = {Native {South American} discourse},
editor = {Sherzer, Joel and Urban, Greg},
year = {1986},
publisher = {Mouton de Gruyter},
location = {Amsterdam}
}

@proceedings{deal2007proceedings,
title = {Proceedings of SULA 4},
subtitle = {Semantics of Under-represented Languages in the {Americas}},
editor = {Deal, A.R. and Graduate Linguistics Student Association},
year = {2007},
institution = {University of Massachusetts},
location = {Amherst}
}

@collection{franchetto2000povos,
title = {Os povos do {Alto Xingu}},
subtitle = {história e cultura},
author = {Franchetto, Bruna},
year = {2000},
publisher = {Editora da UFRJ},
location = {Rio de Janeiro}
}

@collection{staib2000linguistica,
title = {Linguistica {Romanica} et {Indiana}},
editor = {Staib, B.},
year = {2000},
publisher = {Gunter Narr Verlag},
location = {Tübingen}
}

@collection{shibatani2002grammar,
title = {The grammar of causation and interpersonal manipulation},
editor = {Shibatani, Masayoshi},
year = {2002},
publisher = {John Benjamins},
location = {Amsterdam}
}

@collection{payne1990amazonian,
title = {Amazonian linguistics},
subtitle = {Studies in lowland {South American} languages},
editor = {Payne, Doris L.},
publisher = {University of Texas Press},
location = {Austin},
year = {1990},
}

@collection{wetzels2009linguistics,
title = {The linguistics of endangered languages},
subtitle = {Contributions to morphology and morphosyntax},
editor = {Wetzels, W. Leo},
year = {2009},
publisher = {LOT},
location = {Utrecht}
}

@collection{coerts1997netherlands,
title = {Linguistics in the {Netherlands} 1997},
editor = {Coerts, Jane A. and de Hoop, Helen},
publisher = {John Benjamins},
location = {Amsterdam},
year = {1997},
}

@collection{rowicka2006verb,
location = {Utrecht},
publisher = {LOT},
editor = {Rowicka, Grazyna J. and Carlin, Eithne B.},
title = {What's in a verb},
subtitle = {studies in the verbal morphology of the languages of the {Americas}},
year = {2006},
}

@mvproceedings{cabral2002atas,
title = {Línguas indígenas {Brasileiras}},
subtitle = {fonologia, gramática e história},
note = {Atas do I Encontro Internacional do Grupo de Trabalho sobre Línguas Indígenas da ANPOLL},
editor = {Cabral, Ana Suelly Arruda Câmara and Rodrigues, Aryon D.},
volumes = {2},
publisher = {EDUFPA},
location = {Belém},
year = {2002},
}

@collection{guentcheva2007enonciation,
title = {L'énonciation Médiatisée II. Le Traitement Épistémologique de L'information},
subtitle = {Illustrations {Amérindiennes} Et {Caucasiennes}},
editor = {Guentchéva, Zlatka and Landaburu, Jon},
volume = {63},
series = {Bibliothèque de l’Information Grammaticale},
year = {2007},
publisher = {Peeters},
location = {Paris}
}

@collection{carlin2002atlas,
editor = {Carlin, Eithne B. and Arends, Jacques},
year = {2002},
title = {Atlas of the Languages of {Suriname}},
publisher = {KITLV Press},
location = {Leiden},
}

@collection{vapnarsky2006lexical,
title = {Lexical categories and root classes in {Amerindian} languages},
editor = {Lois, Ximena and Vapnarsky, Valentina},
year = {2006},
publisher = {Peter Lang},
location = {Bern},
}

@collection{montes2000lenguas,
title = {Lenguas indígenas de {Colombia}},
subtitle = {una visión descriptiva},
editor = {González de Pérez, María Stella and Rodríguez de Montes, María Luisa},
year = {2000},
publisher = {Instituto Caro y Cuervo},
location = {Santafé de Bogotá}
}

@mvcollection{queixalos2002ergatividade,
title = {Ergatividade na {Amazônia}},
volume = {1},
editor = {Queixalós, Francesc},
year = {2002},
publisher = {Laboratório de Línguas Indígenas, Centre d'études des langues indigènes d'Amérique},
location = {Brasília, Paris}
}

@mvcollection{queixalos2003ergatividade,
title = {Ergatividade na {Amazônia}},
volume = {2},
editor = {Queixalós, Francesc},
year = {2003},
publisher = {Laboratório de Línguas Indígenas, Centre d'études des langues indigènes d'Amérique},
location = {Brasília, Paris},
}

@mvcollection{queixalos2004ergatividade,
title = {Ergatividade na {Amazônia}},
volume = {3},
editor = {Queixalós, Francesc},
year = {2004},
publisher = {Laboratório de Línguas Indígenas, Centre d'études des langues indigènes d'Amérique},
location = {Brasília, Paris},
}

@collection{romero2007lenguas,
title = {Lenguas indígenas de {América del Sur}},
subtitle = {estudios descriptivo-tipológicos y sus contribuciones para la lingüística teórica},
editor = {Romero-Figueroa, Andrés and Garay, Ana Fernández and Corbera, Angel},
year = {2007},
publisher = {Universidad Católica Andrés Bello},
location = {Caracas}
}

@collection{gildea2010ergativity,
title = {Ergativity in {Amazonia}},
editor = {Gildea, Spike and Queixalós, Francesc},
year = {2010},
publisher = {John Benjamins},
location = {Amsterdam}
}

@collection{derbypullumhandbook1,
title = {Handbook of {Amazonian} Languages},
editor = {Derbyshire, Desmond C. and Pullum, Geoffrey K.},
volume = {1},
year = {1986},
publisher = {Mouton de Gruyter},
location = {Berlin/New York}
}

@collection{encyclopedia2006,
title = {Encyclopedia of Language and Linguistics},
editor = {Brown, Keith and Anderson, Anne and Bauer, Laurie and Berns, Margie and Miller, Jim and Hirst, Graeme},
volume = {1},
year = {2006},
publisher = {Elsevier},
location = {Amsterdam}
}

@collection{carlin2014suriname,
title = {In and Out of {Suriname}},
subtitle = {Language, Mobility and Identity},
editor = {Carlin, Eithne B. and Léglise, Isabelle and Migge, Bettina and Fat, Paul B. Tjon Sie},
year = {2014},
publisher = {Brill},
location = {Leiden}
}

@collection{derbypullumhandbook2,
title = {Handbook of {Amazonian} Languages},
editor = {Derbyshire, Desmond C. and Pullum, Geoffrey K.},
volume = {2},
year = {1990},
publisher = {Mouton de Gruyter},
location = {Berlin/New York}
}

@collection{derbypullumhandbook3,
title = {Handbook of {Amazonian} Languages},
editor = {Derbyshire, Desmond C. and Pullum, Geoffrey K.},
volume = {3},
year = {1991},
publisher = {Mouton de Gruyter},
location = {Berlin/New York}
}

@collection{derbypullumhandbook4,
title = {Handbook of {Amazonian} Languages},
editor = {Derbyshire, Desmond C. and Pullum, Geoffrey K.},
volume = {4},
year = {1998},
publisher = {Mouton de Gruyter},
location = {Berlin/New York}
}

@collection{basso1977caribspeaking,
title = {Carib-Speaking Indians},
subtitle = {Culture, Society, and Language},
editor = {Basso, Ellen B.},
year = {1977},
publisher = {University of Arizona Press},
location = {Tucson, AZ},
}

@collection{gildea2000reconstructing,
year = {2000},
title = {Reconstructing Grammar},
subtitle = {Comparative Linguistics and Grammaticalization},
editor = {Gildea, Spike},
series = {Typological Studies in Language},
volume = {43},
publisher = {John Benjamins},
location = {Amsterdam},
}

@collection{campbellgrondona2012indigenous,
title = {The Indigenous Languages of {South America}},
subtitle = {A Comprehensive Guide},
editor = {Campbell, Lyle and Grondona, Verónica},
publisher = {Mouton de Gruyter},
location = {Berlin/New York},
series = {The World of Linguistics},
volume = {2},
year = {2012},
}

@incollection{koehn1986apalai,
title = {Apalai},
author = {Koehn, Edward and Koehn, Sally},
pages = {33--127},
crossref = {derbypullumhandbook1},
keywords = {apalai,grammar},
}

@incollection{gildea2002,
title = {Ergativity in the northern {Cariban} Languages},
author = {Gildea, Spike},
pages = {137--145},
crossref = {queixalos2002ergatividade},
keywords = {overview, ergative},
}

@book{courtz2008carib,
title = {A {Carib} grammar and dictionary},
author = {Courtz, Henk},
year = {2008},
publisher = {Magoria Books},
location = {Toronto},
keywords = {kalina,grammar},
}

@phdthesis{maquiritaricaceres2011,
author = {Cáceres, Natalia},
institution = {Université Lumière Lyon 2},
title = {Grammaire fonctionnelle-typologique du ye'kwana, langue caribe du {Venezuela}},
year = {2011},
keywords = {maqui,grammar}
}

@phdthesis{maquiritarihall1988,
title = {The Morphosyntax of Discourse in {De'kwana Carib}},
author = {Hall, Katherine Lee},
year = {1988},
institution = {Washington University},
keywords = {maqui,grammar},
}

@book{triocarlin2004,
author = {Carlin, Eithne B.},
title = {A Grammar of {Trio}},
subtitle = {A {Cariban} Language of {Suriname}},
year = {2004},
location = {Frankfurt am Main},
publisher = {Peter Lang},
series = {Duisburger Arbeiten zur Sprach- und Kulturwissenschaft},
volume = {55},
keywords = {trio,grammar},
}

@phdthesis{triomeira1999,
author = {Meira, Sérgio},
year = {1999},
institution = {Rice University},
title = {A Grammar of {Tiriyó}},
keywords = {trio,grammar},
}

@phdthesis{wayanatavares2005,
author = {Tavares, Petronila da Silva},
publisher = {UMI},
institution = {University of Houston},
title = {A grammar of {Wayana}},
year = {2005},
keywords = {wayana,grammar},
}

@phdthesis{waimiribruno2003,
author = {Bruno, Ana Carla dos Santos},
title = {{Waimiri Atroari} Grammar},
subtitle = {Some Phonological, Morphological, and Syntactic Aspects},
institution = {University of Arizona},
year = {2003},
keywords = {waimiri,grammar},
}

@article{bruno2006causative,
title = {The causative construction in {Waimiri Atroari}},
author = {Bruno, Ana Carla dos Santos},
journaltitle = {Línguas Indígenas Americanas},
volume = {6},
number = {1},
pages = {101--108},
year = {2006},
keywords = {waimiri, causative},
}

@article{bruno2015case,
title = {Case Marking in {Waimiri Atroari}},
subtitle = {typical nominative/accusative or nominative with some inverse/split-s features},
author = {Bruno, Ana Carla dos Santos},
journaltitle = {Revista Linguíʃtica},
volume = {4},
number = {2},
year = {2015},
keywords = {waimiri, case},
}

@book{pemondearmellada1994,
title = {Gramática de la lengua {Pemón} (morfosintaxis)},
author = {Olza, Jesús and de Armellada, Cesáreo},
year = {1994},
location = {Caracas},
publisher = {Universidad Católica Andrés Bello},
keywords = {pemon,grammar},
}

@phdthesis{macushicarson1982,
author = {Carson, Neusa Martins},
institution = {The University of Kansas},
title = {Phonology and Morphosyntax of {Macuxi} ({Carib}) ({Brazil})},
year = {1982},
keywords = {macushi,grammar},
}

@book{panarepayne2013,
location = {Leiden},
author = {Payne, Thomas E. and Payne, Doris L.},
publisher = {Brill},
series = {Brill's Studies in the Indigenous Languages of the Americas},
title = {A Typological Grammar of {Panare}},
subtitle = {A {Cariban} Language of {Venezuela}},
year = {2013},
keywords = {panare,grammar},
}

@incollection{macushiabbott1991,
title = {Macushi},
author = {Abbott, Miriam},
pages = {23--160},
crossref = {derbypullumhandbook3},
keywords = {macushi,grammar},
}

@incollection{waiwaihawkins1998,
title = {{Wai Wai}},
author = {Hawkins, Robert E.},
pages = {25--224},
crossref = {derbypullumhandbook4},
keywords = {waiwai,grammar},
}

@phdthesis{ikpengpacheco2001,
author = {Pachêco, Frantomé B.},
institution = {Universidade Estadual de Campinas},
title = {Morfossintaxe do verbo {Ikpeng} ({Karíb})},
year = {2001},
keywords = {ikpeng,grammar},
}

@dataset{caceresDByekwana,
author = {Cáceres Arandia, Natalia},
title={Ye'kwana Toolbox project with parsed and glossed texts and corresponding morpheme lexicon from {Natalia} {Cáceres} {Arandia}'s own fieldwork},
year={2020},
note={Database in the author's possession}
}

@book{hixkaryanaderby1979,
location = {Amsterdam},
author = {Derbyshire, Desmond C.},
publisher = {North-Holland},
series = {Lingua Descriptive Studies},
title = {{Hixkaryana}},
volume = {1},
year = {1979},
keywords = {hixka,grammar},
sorttitle={b}
}

@phdthesis{hixkaryanaderby1979phd,
author = {Derbyshire, Desmond C.},
title = {{Hixkaryana} Syntax},
year = {1979},
keywords = {hixka,grammar},
institution={University of London},
sorttitle={b}
}

@book{hixkaryanaderby1985,
location = {Dallas},
author = {Derbyshire, Desmond C.},
publisher = {Summer Institute of Linguistics},
title = {{Hixkaryana} and Linguistic Typology},
year = {1985},
keywords = {hixka,grammar},
}

@phdthesis{akawaiocaesar2003,
author = {Caesar-Fox, Desrey Clementine},
institution = {Rice University},
title = {Zauro'nödok Agawayo Yau},
subtitle = {Variants of {Akawaio} spoken at {Waramadong}},
year = {2003},
keywords = {kapon,grammar},
}

@dataset{caesarDBakawaio,
author = {Caesar-Fox, Desrey Clementine},
title = {Akawaio Toolbox Database},
year = {2003},
}

@phdthesis{kuikurodossantos2007,
author = {dos Santos, Gélsama Mara Ferreira},
institution = {Universidade Federal do Rio de Janeiro},
title = {Morfologia {Kuikuro}},
subtitle = {Gerando nomes e verbos},
year = {2007},
keywords = {uxc,grammar},
}

@mastersthesis{japreriaflores2002,
author = {Flores, Elexander},
institution = {Universidad del Zulia},
title = {Morfosintaxis del {Japreria}},
year = {2002},
keywords = {japreria,grammar}
}

@mastersthesis{segovia1999yukpa,
author = {Segovia, Elena Niño},
institution = {Universidad del Zulia},
title = {Aspectos de la morfología del {Yukpa}},
year = {1999},
keywords = {yukpa,grammar},
}

@article{medina1997inflexion,
  author     = {Medina, Raimundo},
  journal    = {Opción},
  pages      = {37--62},
  title      = {Observaciones sobe la inflexión en yukpa},
  volume     = {24},
  year       = {1997},
}

@book{tamanakumuller1990,
location = {San Cristobal},
author = {Mattéi-Müller, Marie-Claude and Henley, Paul},
publisher = {Universidad Católica del Táchira},
title = {Los {Tamanaku}},
subtitle = {su lengua, su vida},
year = {1990},
keywords = {tamanaku},
}

@phdthesis{girard1971proto,
author = {Girard, Victor James},
institution = {University of California},
title = {{Proto-Carib} phonology},
year = {1971},
keywords = {proto-cariban},
}

@collection{moseley1994atlas,
title = {Atlas of the world's languages},
editor = {Moseley, Christopher and Asher, R.E.},
year = {1994},
publisher = {Routledge},
location = {London},
}

@incollection{kaufman1994native,
title = {The native languages of {South America}},
author = {Kaufman, Terrence},
pages = {46--76},
crossref = {moseley1994atlas}
}

@incollection{kaufman2007native,
title = {The native languages of {South America}},
author = {Kaufman, Terrence},
booktitle = {Atlas of the world's languages},
editor = {Moseley, Christopher and Asher, R.E.},
year = {2007},
publisher = {Routledge},
location = {London},
pages = {59--94},
}

@unpublished{koehn1966verb,
title = {{Apalaí} Verb Structure},
subtitle = {Preliminary Analysis},
author = {Koehn, Sally S.},
publisher = {Associação Internacional de Linguística, SIL -- Brasil},
location = {Anápolis, GO},
date = {1966},
keywords = {apalai, verb},
}

@unpublished{koehn2009phrase,
title = {The {Apalaí} Phrase},
subtitle = {Preliminary Analysis},
author = {Koehn, Edward H.},
publisher = {Associação Internacional de Linguística, SIL -- Brasil},
location = {Anápolis, GO},
date = {2009},
keywords = {apalai, phrase},
}

@unpublished{koehn1965verb,
title = {Bound Person markers of the {Apalaí} Verb Phrase},
subtitle = {Preliminary Analysis},
author = {Koehn, Edward H.},
publisher = {Associação Internacional de Linguística, SIL -- Brasil},
location = {Anápolis, GO},
date = {1965},
keywords = {apalai, verb},
}

@incollection{meira2000split,
title = {The accidental intransitive split in the {Cariban} family},
author = {Meira, Sérgio},
pages = {201--230},
crossref = {gildea2000reconstructing},
keywords = {reconstruction, split-s, overview},
}

@article{gudschinsky,
title = {Sistemas Contrastivos de Marcadores de Pessoa em Duas Línguas {Carib}},
subtitle = {{Apalaí} e {Hixkaryána}},
author = {Gudschinsky, Sarah C.},
journaltitle = {Série Lingüística},
volume = {1},
pages = {57--62},
year = {1973},
keywords = {apalai, hixka},
}

@book{clarknamedictionary,
title = {Tribal Names of the {Americas}},
subtitle = {Spelling Variants and Alternative Forms, Cross-Referenced},
author = {Clark, Patricia Roberts},
year = {2009},
publisher = {McFarland},
location = {Jefferson, North Carolina},
}

@mastersthesis{meira1998proto,
title = {A reconstruction of {Proto-Taranoan}},
subtitle = {Phonology and Inflectional Morphology},
author = {Meira, Sérgio},
institution = {Rice University},
year = {1998},
keywords = {reconstruction, trio, carijo, akuriyo},
}

@incollection{campbell2012classification,
title = {Classification of the indigenous languages of {South America}},
author = {Campbell, Lyle},
pages = {59--166},
crossref = {campbellgrondona2012indigenous},
}

@collection{klein1985retrospect,
location = {Austin},
title = {{South American} Indian Languages},
subtitle = {Retrospect and Prospect},
editor = {Klein, Harriet E. Manelis and Stark, Louisa},
publisher = {Texas University Press},
year = {1985},
}

@incollection{migliazza1985,
title = {Languages of the {Orinoco-Amazon} Region},
subtitle = {Current Status},
author = {Migliazza, Ernesto C. },
pages = {17--139},
crossref = {klein1985retrospect},
}

@incollection{durbin1985survey,
title = {A survey of the {Carib} language family},
author = {Durbin, Marshall},
keywords = {overview},
crossref = {klein1985retrospect},
pages = {325--370}
}

@incollection{durbin1977carib,
title = {The {Carib} language family},
author = {Durbin, Marshall},
pages = {23--38},
crossref = {basso1977caribspeaking},
keywords = {overview},
}

@book{gildea1998,
author = {Gildea, Spike},
title = {On reconstructing grammar},
subtitle = {Comparative {Cariban} morphosyntax},
year = {1998},
publisher = {Oxford University Press},
location = {Oxford},
keywords = {proto-carib},
}

@article{gildea2004classification,
author = {Gildea, Spike},
journaltitle = {Amerindia},
pages = {7--32},
title = {Proposing a new branch for the {Cariban} language family},
number = {28},
year = {2003},
keywords = {overview},
}

@online{glottolog,
author = {Hammarström, Harald and Forkel, Robert and Haspelmath, Martin and Bank, Sebastian},
year = {2020},
title = {Glottolog 4.2.1},
location = {Jena},
institution = {Max Planck Institute for the Science of Human History},
url = {http://glottolog.org},
urldate = {2020-05-18},
}

@incollection{gildea2012classification,
title = {Linguistic studies in the {Cariban} family},
author = {Gildea, Spike},
pages = {441--494},
crossref = {campbellgrondona2012indigenous},
keywords = {overview},
}

@mastersthesis{pessoa2006fonologia,
title = {Fonologia {Taurepang} e comparação preliminar da fonologia de línguas do grupo {Pemóng} (família {Caribe})},
author = {Pessoa, Katia Nepomuceno},
year = {2006},
institution = {Universidade Federal de Pernambuco},
keywords = {phonology, pemon, kapon, macushi},
}

@article{alvarez1998split,
title = {Split Ergativity and Complementary Distribution of {NP}'s and Pronominal Affixes in {Pemón} ({Cariban}).},
author = {Álvarez, José},
journaltitle = {Opción},
volume = {13},
number = {24},
year = {1997},
pages = {69--94},
keywords = {pemon, ergativity},
}

@mvbook{pemondearmellada1943gramatica,
maintitle = {Gramática y diccionario de la lengua {Pemón}},
volume = {1},
title = {Gramatica},
author = {de Armellada, Cesáreo},
location = {Caracas},
publisher = {Artes Gráficas},
year = {1943},
keywords = {pemon,grammar},
}

@mvbook{pemondearmellada1944dic,
maintitle = {Gramática y diccionario de la lengua {Pemón}},
title = {Diccionario},
volume = {2},
author = {de Armellada, Cesáreo},
location = {Caracas},
publisher = {Artes Gráficas},
year = {1944},
keywords = {pemon,grammar},
}

@online{ethnologueonline,
editor = {Simons, Gary F. and Fennig, Charles D.},
year = {2019},
title = {Ethnologue},
subtitle = {Languages of the World},
edition = {22},
location = {Dallas, Texas},
publisher = {SIL International},
url = {http://www.ethnologue.com}
}

@book{henley1982panare,
title = {The {Panare}},
subtitle = {Tradition and change on the {Amazonian} frontier},
author = {Henley, Paul},
year = {1982},
publisher = {Yale University Press},
location = {New Haven},
keywords = {panare},
}

@incollection{crevels,
title = {Language endangerment in {South America}},
subtitle = {The clock is ticking},
author = {Crevels, Mily},
pages = {167--233},
crossref = {campbellgrondona2012indigenous},
}

@article{rodrigues2009case,
title = {A case of affinity among {Tupí}, {Karíb}, and {Macro-Jê}},
author = {Rodrigues, Aryon D.},
journaltitle = {Revista Brasileira de Linguística Antropológica},
volume = {1},
number = {1},
pages = {137--162},
year = {2009},
keywords = {relational},
}

@article{rodrigues1996case,
title = {A case of grammatical affinity among Tupi, Karib, and Macro-Je},
note = {\textsc{ms}},
author = {Rodrigues, Aryon D.},
year = {1996},
keywords = {relational},
}

@mvbook{koch1928roroima,
maintitle = {Vom {Roroima} zum {Orinoco}},
mainsubtitle = {{Ergebnisse} einer {Reise} in {Nordbrasilien} und {Venezuela} in den {Jahren} 1911--1913},
author = {Koch-Grünberg, Theodor},
title = {Sprachen},
volumes = {5},
volume = {4},
year = {1928},
location = {Stuttgart},
publisher = {Strecker und Schröder}
}

@incollection{moore2006brazil,
author = {Moore, D.},
title = {Brazil},
subtitle = {Language Situation},
crossref = {encyclopedia2006},
pages = {117--128},
}

@incollection{carlin2014guianas,
title = {Movement through Time in the {Southern Guianas}},
subtitle = {Deconstructing the {Amerindian} Kaleidoscope},
author = {Carlin, Eithne B. and Mans, Jimmy},
crossref = {carlin2014suriname},
pages = {76--100},
}

@book{mattei1994diccionario,
title = {Diccionario ilustrado {Panare-Español}, Índice {Español}-{Panare}},
subtitle = {Un aporte al estudio de los {Panares}-{E'ñepa}},
author = {Mattéi-Müller, Marie-Claude},
year = {1994},
publisher = {Graficas Armitano},
location = {Caracas},
keywords = {panare, dictionary},
}

@book{hoff1968carib,
location = {The Hague},
author = {Hoff, Berend J.},
publisher = {Martinus Nijhoff},
series = {Verhandelingen van het Koninklijk instituut voor taal-, land- en volkenkunde},
volume = {55},
title = {The {Carib} Language},
subtitle = {Phonology, Morphophonology, Morphology, Texts and Word Index},
year = {1968},
keywords = {kalina},
}

@phdthesis{cruz2005fonologia,
title = {Fonologia e gramática {Ingarikó}},
subtitle = {{Kaʔpon-Brasil}},
author = {Cruz, Maria Odileiz Sousa},
year = {2005},
institution = {Vrije Universiteit Amsterdam},
keywords = {kapon,grammar},
}

@unpublished{basso2012kalapalo,
author = {Ellen B. Basso},
howpublished = {\textsc{ms}},
title = {A Grammar of {Kalapalo}, A {Southern Cariban} Language},
year = {2012},
url = {https://islandora-ailla.lib.utexas.edu/islandora/object/ailla:134166},
urldate = {2016-01-28},
keywords = {uxc,grammar},
}

@unpublished{basso2019kalapalo,
author = {Ellen B. Basso},
howpublished = {\textsc{ms}},
title = {A Grammar of {Kalapalo}, A {Southern Cariban} Language},
year = {2019},
url = {https://islandora-ailla.lib.utexas.edu/islandora/object/ailla:134166},
urldate = {2020-09-28},
keywords = {uxc,grammar},
}

@mastersthesis{ikpengpacheco1997,
title = {Aspectos da gramática {Ikpeng} ({Karíb})},
author = {Pachêco, Frantomé B.},
year = {1997},
institution = {Universidade Estadual de Campinas},
keywords = {ikpeng,grammar},
}

@phdthesis{chagas2013verbo,
title = {O Verbo {Ikpeng}},
subtitle = {estudo morfossintático e semântico-lexical},
author = {Chagas, Angela Fabíola Alves},
year = {2013},
institution = {Universidade Estadual de Campinas},
keywords = {ikpeng, verb},
}

@article{ikpeng2015kobayashi,
title = {A codificação de argumentos no verbo {Ikpeng} ({Karíb})},
author = {de Salles Kobayashi, Filipe Hisao and Soares, Marília Lopes da Costa Facó},
journaltitle = {ReVEL},
volume = {13},
issue = {24},
year = {2015},
keywords = {ikpeng, verb},
}

@article{meira2005southern,
title = {The {Southern} {Cariban} languages and the {Cariban} family},
author = {Meira, Sérgio and Franchetto, Bruna},
journaltitle = {International Journal of American Linguistics},
volume = {71},
number = {2},
pages = {127--192},
year = {2005},
keywords = {classification, overview},
}

@article{gildea2007greenberg,
title = {Is {Greenberg}'s “{Macro-Carib}” viable?},
author = {Gildea, Spike and Payne, Doris},
journaltitle = {Boletim do Museu Paraense Emílio Goeldi. Ciências Humanas},
volume = {2},
number = {2},
pages = {19--72},
year = {2007},
keywords = {classification},
}

@incollection{gildea2010story,
title = {The story of *ô in the {Cariban} Family},
author = {Gildea, Spike and Hoff, Berend J. and Meira, Sérgio},
booktitle = {Fieldwork and linguistic analysis in Indigenous languages of the {Americas}},
editor = {Berez, Andrea L. and Mulder, Jean and Rosenblum, Daisy},
year = {2010},
publisher = {University of Hawai'i Press},
pages = {91--123},
keywords = {proto-cariban},
}

@article{meira2010origin,
title = {On the Origin of Ablaut in the {Cariban} Family},
author = {Meira, Sérgio and Gildea, Spike and Hoff, Berend J.},
journaltitle = {International Journal of American Linguistics},
volume = {76},
number = {4},
pages = {477--515},
year = {2010},
keywords = {proto-cariban, relational},
}

@article{carlin2003experiencer,
title = {The experiencer role in the expression of mental states and activities in {Trio}},
author = {Carlin, Eithne B.},
journaltitle = {Amerindia},
number = {28},
pages = {161--82},
year = {2003},
keywords = {trio},
}

@phdthesis{franchetto1986kuikuro,
title = {Falar {Kuikúru}},
subtitle = {Estudo Etnolinguistico de um grupo {Karíbe} do {Alto Xingu}},
author = {Franchetto, Bruna},
year = {1986},
institution = {Museu Nacional da Universidade Federal do Rio de Janeiro},
keywords = {uxc,grammar},
}

@phdthesis{franchetto1986kuikurotexts,
title = {Falar {Kuikúru}},
subtitle = {Estudo Etnolinguistico de um grupo {Karíbe} do {Alto Xingu}. Volume III: Fonologia e Textos},
author = {Franchetto, Bruna},
year = {1986},
institution = {Museu Nacional da Universidade Federal do Rio de Janeiro},
keywords = {uxc,grammar},
}

@article{gildea2002etat,
author = {Gildea, Spike},
issuetitle = {{Méso-Amérique}, {Caraïbes}, {Amazonie} Volume 1},
editor = {Landaburu, J. and Queixalos, F.},
pages = {79--84},
title = {Etat de l'art des descriptions linguistiques des langues du groupe {Caribe}},
year = {2002},
number = {20},
journaltitle = {Faits de Langues},
keywords = {overview},
}

@mastersthesis{gildea1989panare,
author = {Gildea, Spike},
institution = {University of Oregon},
title = {Simple and Relative Clauses in {Panare}},
year = {1989},
keywords = {panare, clauses},
}

@article{gildea1993rigid,
author = {Gildea, Spike},
journaltitle = {International Journal of American Linguistics},
number = {1},
pages = {44--63},
title = {The Rigid {VS} Order in {Panare} ({Cariban})},
subtitle = {A Historical Explanation},
volume = {59},
year = {1993},
keywords = {panare},
}

@article{gildea1995reduction,
author = {Gildea, Spike},
journaltitle = {International Journal of American Linguistics},
number = {1},
pages = {62--102},
title = {A Comparative Description of Syllable Reduction in the {Cariban} Language Family},
volume = {61},
year = {1995},
keywords = {overview, proto-cariban, phonology},
}

@collection{givon1994voice,
title = {Voice and inversion},
editor = {Givón, Talmy},
year = {1994},
publisher = {John Benjamins},
location = {Amsterdam/Philadelphia}
}

@incollection{gildea1994inversion,
author = {Gildea, Spike},
title = {Semantic and pragmatic inverse},
subtitle = {‘Inverse alignment’ and ‘inverse voice’ in {Carib of Surinam}},
pages = {187--230},
crossref = {givon1994voice},
keywords = {kalina},
}

@article{gildea1993developmentpanare,
author = {Gildea, Spike},
journaltitle = {Studies in Language},
number = {1},
pages = {53--74},
title = {The development of tense markers from demonstrative pronouns in {Panare} ({Cariban})},
doi = {10.1075/sl.17.1.03gil},
volume = {17},
year = {1993},
keywords = {panare},
}

@inproceedings{gildea1989panarenmlz,
author = {Gildea, Spike},
booktitle = {Proceedings of the Fourth Pacific Linguistic Conference},
editor = {Carlson, Robert and DeLancey, Scott and Gildea, Spike and Payne, Doris and Saxena, Anju Saxena},
pages = {165--189},
title = {Structural correlates to functional change},
subtitle = {a {Panare} nominalizer surfaces as main clause aspect},
year = {1989},
keywords = {panare},
}

@incollection{gildea1997ergativity,
location = {Amsterdam},
author = {Gildea, Spike},
year = {1997},
pages = {145--162},
booktitle = {Essays on Language Function and Language Type},
booksubtitle = {Dedicated to {T. Givón}},
editor = {Bybee, Joan L. and Haiman, John and Thompson, Sandra A.},
publisher = {John Benjamins Publishing Company},
title = {Introducing Ergative Word Order via Reanalysis},
subtitle = {Word Order Chance in the {Cariban} Family},
keywords = {proto-cariban},
}

@incollection{gildea2000vpgenesis,
author = {Gildea, Spike},
title = {On the Genesis of the Verb Phrase in {Cariban} Languages},
subtitle = {Diversity through Reanalysis},
pages = {65--106},
crossref = {gildea2000reconstructing},
keywords = {proto-cariban},
}

@incollection{gildea1997relationevolution,
location = {Amsterdam},
author = {Gildea, Spike},
booktitle = {Grammatical Relations},
booksubtitle = {A functionalist perspective},
editor = {Givón, T.},
publisher = {John Benjamins},
title = {Evolution of Grammatical Relations in {Cariban}},
subtitle = {How Functional Motivation Precedes Syntactic Change},
year = {1997},
pages = {155--198},
keywords = {proto-cariban},
}

@inproceedings{gildea1993counteruni,
location = {Ithaca},
author = {Gildea, Spike},
booktitle = {Proceedings of the Eastern States Conference on Linguistics},
editor = {Michael Bernstein},
pages = {101--116},
publisher = {Cornell Department of Modern Languages and Linguistics},
title = {On the genesis of a counter-universal pattern of split ergativity in the {Cariban} family},
year = {1993},
keywords = {proto-cariban, ergative},
}

@article{gildea1994agtnmlz,
author = {Gildea, Spike},
journaltitle = {Revista Latinoamericana de Estudios Etnolingüísticos},
pages = {163--177},
title = {The proto-{Cariban} and {Tupí-Guaraní} object nominalizing prefix},
volume = {8},
year = {1994},
keywords = {proto-cariban},
}

@phdthesis{gildea1992comparative,
author = {Spike Gildea},
institution = {University of Oregon},
title = {Comparative {Cariban} Morphosyntax},
subtitle = {On the Genesis of Ergativity in Independent Clauses},
year = {1992},
keywords = {proto-cariban, ergative},
}

@incollection{gildea2005encyclo,
location = {New York},
author = {Spike Gildea},
booktitle = {Encyclopedia of linguistics},
editor = {Philipp Strazny},
pages = {173--176},
publisher = {Fitzroy Dearborn},
title = {{Carib} and {Cariban} Languages},
volume = {1},
year = {2005},
keywords = {overview},
}

@incollection{queixalos2010intro,
author = {Queixalós, Francesc and Gildea, Spike},
pages = {1--26},
title = {Manifestations of ergativity in {Amazonia}},
crossref = {gildea2010ergativity}
}

@incollection{gildea2010nomabs,
author = {Gildea, Spike and Alves, Flávia Castro},
pages = {159--200},
title = {Nominative-absolutive},
subtitle = {Counter-universal split ergativity in {Jê} and {Cariban}},
crossref = {gildea2010ergativity},
keywords = {panare, ergative},
}

@article{abbott1976estrutura,
title = {Estrutura oracional da língua {Makuxi}},
author = {Abbott, Miriam},
journaltitle = {Série Lingüística},
volume = {5},
pages = {231--266},
year = {1976},
keywords = {macushi},
}

@incollection{abbott1985subordinate,
title = {Subordinate clauses in {Macushi}},
author = {Abbott, Miriam},
booktitle = {Porto Velho Workpapers},
pages = {254--267},
year = {1985},
publisher = {SIL},
location = {Brasília},
editor = {Fortunes, David L.},
keywords = {macushi},
}

@article{alvarez2000entrada,
title = {La entrada verbal en la lexicografía del pemón (caribe)},
author = {Álvarez, José},
journaltitle = {Boletín de Lingüística},
volume = {15},
pages = {65--94},
year = {2000},
keywords = {pemon},
}

@article{alvarez2000construcciones,
title = {Construcciones progresivas en pemón y otras lenguas caribes},
author = {Álvarez, José},
journaltitle = {Opción},
number = {32},
pages = {96--130},
year = {2000},
keywords = {pemon},
}

@incollection{bakshi1998vowel,
title = {Vowel harmony and transitive verb classes in {Panare}},
subtitle = {Where are the consonant-initial roots?},
author = {Bakshi, Indira and Payne, Doris L.},
booktitle = {Lenguas indígenas},
maintitle = {IV Encuentro Internacional de Lingüística en el Noroeste},
volume = {1},
pages = {95--115},
year = {1998},
location = {Hermosillo, Mexico},
editor = {Estrada Fernández, Z. and Acosta Félix, Andrés and Figueroa Esteva, Max and López Cruz, Gerardo},
publisher = {Unison},
keywords = {panare},
}

@incollection{basso1986quoted,
author = {Basso, Ellen B.},
title = {Quoted dialogues in {Kalapalo} narrative discourse},
pages = {119--168},
booktitle = {Narrative South American discourse},
editor = {Sherzer, Joel and Urban, Greg},
year = {1986},
publisher = {Mouton de Gruyter},
location = {Berlin},
keywords = {uxc},
}

@article{basso2008epistemic,
author = {Basso, Ellen B.},
title = {Epistemic deixis in {Kalapalo}},
journaltitle = {Pragmatics},
pages = {215--252},
year = {2008},
volume = {18},
number = {2},
keywords = {uxc},
}

@incollection{basso2014compounding,
title = {Compounding in {Kalapalo}, a {Southern Cariban} language},
author = {Basso, Ellen B.},
booktitle = {Word Formation in South American Languages},
pages = {181--206},
year = {2014},
location = {Amsterdam},
publisher = {John Benjamins},
editor = {Danielsen, Swintha and Hannß, Katja and Zúñiga, Fernando},
keywords = {uxc},
}

@article{bruno2010waimiri,
title = {{Waimiri Atroari} verbal morphology},
author = {Bruno, Ana Carla dos Santos},
journaltitle = {MOARA},
volume = {2},
number = {34},
pages = {235--262},
year = {2010},
keywords = {waimiri},
}

@article{bruno2009waimiri,
title = {Phrase structure, clauses, and word order in {Waimiri-Atroari} ({Carib} family)},
author = {Bruno, Ana Carla dos Santos},
journaltitle = {ReVEL},
volume = {3},
number = {7},
issuetitle = {Estudos linguísticos de línguas indígenas brasileiras},
year = {2009},
url = {http://www.revel.inf.br/en/edicoes/?id = 16},
urldate = {2018-06-01},
keywords = {waimiri},
}

@incollection{camargo2003verbais,
author = {Camargo, Eliane},
title = {Classes verbais e semântica dos argumentos em um sistema sintático cindido},
subtitle = {o exemplo do {Wayana} ({Caribe})},
crossref = {queixalos2003ergatividade},
pages = {83--100},
keywords = {wayana},
}

@incollection{camargo2007cindida,
author = {Camargo, Eliane},
title = {Aspectos da sintaxe cindida em {Wayana} ({Caribe})},
pages = {111--126},
crossref = {romero2007lenguas},
keywords = {wayana},
}

@article{camargo2000interaction,
title = {Une interaction entre localisation et aspect},
subtitle = {Un exemple de -pëkë et -ja/e en wayana},
author = {Camargo, Eliane},
year = {2000},
journaltitle = {Amerindia},
pages = {1--24},
number = {25},
keywords = {wayana},
}

@article{camargo2001aspects,
title = {Aspects de la morphologie apalai dans les constructions d’appartenance},
author = {Camargo, Eliane},
journaltitle = {Amerindia},
number = {26},
pages = {123--146},
year = {2001},
keywords = {apalai},
}

@article{camargo2000ordre,
title = {L'ordre des constituants en wayana},
subtitle = {Langue amérindienne du plateau guyanais},
author = {Camargo, Eliane},
journaltitle = {Cahiers de Linguistique de l’INALCO},
volume = {3},
issuetitle = {L’ordre des mots},
pages = {147--168},
year = {2000},
keywords = {wayana},
}

@article{camargo2003operadores,
title = {Operadores aspectuais de estado marcando o nome em {Wayana} ({Caribe})},
author = {Camargo, Eliane},
journaltitle = {Línguas Indígenas Americanas},
volume = {8},
number = {1},
pages = {85--104},
year = {2003},
keywords = {wayana},
}

@article{camargo2003relacoes,
title = {Relações sintáticas e semânticas na predicação nominal do {Wayana}},
subtitle = {a oração com cópula},
author = {Camargo, Eliane},
journaltitle = {Amerindia},
number = {28},
pages = {133--160},
year = {2003},
keywords = {wayana},
}

@incollection{camargo2006lexical,
title = {Lexical categories and word formation processes in {Wayana} ({Cariban} language)},
author = {Camargo, Eliane},
pages = {147--188},
crossref = {vapnarsky2006lexical},
keywords = {wayana},
}

@article{cabral2014classificadores,
title = {Classificadores nominais em três línguas indígenas da {Amazônia} brasileira},
subtitle = {ampliando tipologias},
author = {Cabral, Ana Suelly Arruda Câmara and Kalapalo, Kaman and Mehinaku Awetí, Makaulaka and de Oliveira, Sanderson Castro Soares and Suruí, Uraan},
journaltitle = {Revista Brasileira de Lingüística Antropológica},
volume = {6},
number = {1},
pages = {165--193},
year = {2014},
}

@collection{camacho2010information,
title = {Information structure in indigenous languages of the {Americas}},
editor = {Camacho, José and Gutiérrez-Bravo, Rodrigo and Sánchez, Liliana},
publisher = {Mouton de Gruyter},
location = {Berlin},
year = {2010},
}

@incollection{carlin2002patterns,
title = {Patterns of language, patterns of thought},
subtitle = {the {Cariban} languages},
author = {Carlin, Eithne B.},
crossref = {carlin2002atlas},
pages = {47--81},
}

@collection{carlin2010lingarch,
title = {Linguistics and archaeology in the {Americas}},
subtitle = {The historization of language and society},
editor = {Carlin, Eithne B. and Simon van de Kerke},
publisher = {Brill},
location = {Leiden},
year = {2010},
}

@proceedings{crevels2002current,
title = {Current Studies on {South American} Languages},
subtitle = {Selected papers from the 50th International Congress of {Americanists} in {Warsaw} and the {Spinoza} Workshop on {Amerindian} Languages in {Leiden}},
editor = {Crevels, Mily and Crevels, Mily and Sérgio Meira and Hein van der Voort},
publisher = {Research institution of Asian, African, and Amerindian Studies (CNWS)},
location = {Leiden},
year = {2002},
}

@inproceedings{meira2002first,
title = {A first comparison of pronominal and demonstrative systems in the {Cariban} language family},
author = {Meira, Sérgio},
pages = {255--275},
crossref = {crevels2002current},
keywords = {overview, proto-cariban, pronouns},
}

@article{derbyshire1987areal,
title = {Morphosyntactic areal characteristics of {Amazonian} languages},
author = {Derbyshire, Desmond C.},
journaltitle = {International Journal of American Linguistics},
volume = {53},
number = {3},
pages = {311--326},
year = {1987},
}

@inproceedings{derbyshire1991ergsystem,
title = {Are {Cariban} languages moving away from or toward ergative systems?},
booktitle = {Work Papers of the Summer Institute of Linguistics, University of North Dakota Session},
author = {Derbyshire, Desmond C.},
volume = {35},
pages = {1--30},
year = {1991},
}

@incollection{derbyshire1999carib,
title = {Carib},
author = {Derbyshire, Desmond C.},
crossref = {dixon1999amazonian},
pages = {23--64},
}

@incollection{derbyshire1990nounclass,
title = {Noun classification systems of {Amazonian} languages},
author = {Derbyshire, Desmond C. and Doris L. Payne},
crossref = {payne1990amazonian},
pages = {243--271},
}

@article{derbyshire1981objectinitial,
title = {Object-initial languages},
author = {Derbyshire, Desmond C. and Geoffrey K. Pullum},
journaltitle = {International Journal of American Linguistics},
volume = {47},
number = {3},
pages = {192--214},
year = {1981},
}

@incollection{franchetto1990ergativity,
title = {Ergativity and nominativity in {Kuikúro} and other {Carib} languages},
author = {Franchetto, Bruna},
crossref = {payne1990amazonian},
pages = {407--427},
keywords = {uxc},
}

@inproceedings{franchetto1991ergatividade,
title = {A ergatividade em línguas {Karibe}},
subtitle = {uma hipótese explicativa},
author = {Franchetto, Bruna},
booktitle = {Anais do V Encontro Nacional da ANPOLL},
location = {Porto Alegre},
pages = {256--264},
year = {1991},
}

@unpublished{franchetto2003classificacao,
title = {As línguas {Karib do Sul}},
subtitle = {uma tentativa de classificação},
author = {Franchetto, Bruna},
year = {2003},
note = {Paper presented at the Symposium “Lenguas indígenas de América del Sur. Lingüística descriptiva e histórico-comparativa, sociolingüística y filológica”, 51th International Congress of Americanists},
location = {Santiago de Chile},
}

@article{gildea2008explaining,
title = {Explaining similarities between main clauses and nominalized phrases},
author = {Gildea, Spike},
journaltitle = {Amerindia},
number = {32},
pages = {57--75},
year = {2008},
}

@article{leite1998comparacao,
title = {Comparação de aspectos da gramática em línguas indígenas brasileiras},
author = {Maia, Marcu and Franchetto, Bruna and Leite, Yonne de Freitas and Soares, Marília Facó and Vieira, Marcia Damaso},
journaltitle = {{DELTA}: Documentação de Estudos em Lingüística Teórica e Aplicada},
volume = {14},
number = {2},
pages = {349--375},
year = {1998},
}

@mastersthesis{meira1997the,
title = {The evolution of an epi-phenomenal Split-{S} system in the {Cariban} family},
author = {Meira, Sérgio},
institution = {Rice University},
year = {1997},
}

@unpublished{meira2001wordclass,
title = {Word class systems in {Cariban} languages},
note = {\textsc{ms}},
author = {Meira, Sérgio},
year = {2006},
}

@article{meira2007oracoes,
title = {Orações relativas em línguas {Karíb}},
author = {Meira, Sérgio},
journaltitle = {Boletim do Museu Goeldi, Série Ciências Humanas},
volume = {2},
number = {1},
pages = {105--121},
year = {2007},
keywords = {relative clauses}
}

@incollection{meira2009property,
title = {Property concepts in the {Cariban} family},
subtitle = {adjectives, adverbs, and/or nouns},
author = {Meira, Sérgio and Gildea, Spike},
crossref = {wetzels2009linguistics},
pages = {95--133},
}

@mvcollection{mosonyi2000manual,
title = {Manual de lenguas indígenas de {Venezuela}},
editor = {Mosonyi, Esteban Emilio and Mosonyi, Jorge C.},
location = {Caracas},
volumes = {2},
publisher = {Fundación Bigott},
year = {2000},
}

@incollection{payne1990some,
title = {Some widespread grammatical forms in {South American} languages},
author = {Payne, David L.},
crossref = {payne1990amazonian},
pages = {75--87},
}

@incollection{payne1990morphological,
title = {Morphological characteristics of lowland {South American} languages},
author = {Payne, Doris L.},
crossref = {payne1990amazonian},
pages = {213--241},
}

@collection{queixalos2014valencia,
title = {Incremento de valencia en las lenguas amazónicas},
editor = {Queixalós, Francesc and Telles, Stella and Bruno, Ana Carla},
publisher = {Instituto Caro y Cuervo},
location = {Bogotá},
year = {2014},
}

@incollection{romerofigueroa2007adverbial,
title = {La unión clausal adverbial en las lenguas caribes del norte},
author = {Romero-Figueroa, Andrés},
crossref = {romero2007lenguas},
pages = {19--28},
year = {2007},
}

@incollection{romerofigueroa2011ergativo,
title = {El sistema ergativo en las lenguas caribes del norte},
subtitle = {¿muestra signos de debilitamiento?},
author = {Romero-Figueroa, Andrés},
crossref = {romerofigueroa2011lenguas},
pages = {113--141}
}

@article{romerofigueroa2014comparativos,
title = {Análisis tipológico de los comparativos en las lenguas caribes del norte},
author = {Romero-Figueroa, Andrés},
journaltitle = {Boletín de Lingüística},
volume = {25},
number = {39--40},
pages = {187--216},
year = {2014},
}

@article{seifart2007nominal,
title = {Nominal classification in the {North West Amazon}},
subtitle = {Issues in areal diffusion and typological characteristics},
author = {Seifart, Frank and Payne, Doris L.},
journaltitle = {International Journal of American Linguistics},
volume = {73},
number = {4},
pages = {281--287},
year = {2007},
}

@mastersthesis{souza1993arara,
title = {Alguns aspectos morfológicos da língua {Arara} ({Karib})},
author = {de Souza, Shirley Dias Cardoso},
institution = {Universidade de Brasília},
year = {1993},
keywords = {arara},
}

@mastersthesis{alves2010arara,
author = {Alves, Ana Carolina Ferreira},
institution = {Radboud Universiteit},
title = {Phonological Aspects of {Arara} ({Carib}, Brazil)},
year = {2010},
keywords = {arara}
}

@mastersthesis{desouza2010arara,
author = {de Souza, Shirley Dias Cardoso},
institution = {University of North Dakota},
title = {The morphology of nouns in the {Ugoroŋmo} language ({Arara of Pará})},
year = {2010},
keywords = {arara}
}

@phdthesis{alves2017arara,
author = {Alves, Ana Carolina Ferreira},
institution = {Universidade de São Paulo},
title = {Morfofonologia, morfossintaxe e o sistema de tempo, aspecto e modo em {Arara} ({Karib})},
year = {2017},
keywords = {arara},
sorttitle={a}
}

@article{alves2013arara,
author = {Alves, Ana Carolina Ferreira},
journaltitle = {Boletim do Museu Paraense Emílio Goeldi, Ciências Humanas},
number = {2},
pages = {265--277},
title = {Aspectos do sistema fonológico de {Arara} ({Karib})},
volume = {8},
year = {2013},
keywords = {arara}
}

@mastersthesis{granadillo1997pronoun,
title = {Los pronombres personales en mapoyo},
author = {Granadillo, Tania},
institution = {Universidad Central de Venezuela},
year = {1997},
keywords = {mapoyo},
}

@mastersthesis{granadillo1997mapoyo,
title = {Marcadores de persona nominales y verbales en la lengua {Mapoyo}},
author = {Granadillo, Tania},
institution = {Universidad Central de Venezuela},
year = {1997},
keywords = {mapoyo},
}

@article{mattei2003pemono,
title = {Pémono},
subtitle = {eslabón perdido entre mapoyo y yawarana, lenguas caribes ergativas de la {Guayana} noroccidental de {Venezuela}},
author = {Mattéi-Müller, Marie-Claude},
journaltitle = {Amerindia},
number = {28},
pages = {33--54},
year = {2003},
keywords = {mapoyo,yawarana,pemono},
}

@incollection{villalon2000person,
title = {Los marcadores de persona de la lengua mapoyo},
author = {Villalón, María Eugenia and Granadillo, Tania},
crossref = {vandekerke2000bajas},
pages = {197--211},
keywords = {mapoyo},
}

@article{muller1975panmap,
author = {Mattéi-Müller, Marie Claude},
journal = {Antropológica},
pages = {79-91},
title = {La diferenciacion lingüistica panare-mapoya},
volume = {42},
year = {1975},
keywords = {mapoyo,panare}
}

@article{muller1975mapoyo,
author = {Mattéi-Müller, Marie Claude},
journal = {Antropológica},
pages = {57-78},
title = {Vocabulario básico de la lengua mapoya},
volume = {42},
year = {1975},
keywords = {mapoyo}
}

@article{mattei1974panarepossesion,
title = {El sistema de posesión en la lengua panare},
author = {Mattéi-Müller, Marie-Claude},
journaltitle = {Antropológica},
number = {38},
pages = {3--14},
year = {1974},
keywords = {panare},
}

@article{payne1994ovs,
  title={OVSu versus {VSuO} in {Panare} ({Cariban})},
  subtitle={Do syntax and discourse match?},
  author={Payne, Doris L.},
  journal={Text: Interdisciplinary Journal for the Study of Discourse},
  volume={14},
  number={4},
  pages={581--610},
  year={1994},
}


@article{palmegiani2002las,
title = {Las correlaciones de orden en panare, lengua {OVS}},
author = {Palmegiani, Annamaría},
journaltitle = {Boletín de Lingüística},
number = {17},
pages = {69--83},
year = {2002},
keywords = {panare},
}

@inproceedings{payne1993nonconfigurationality,
title = {Nonconfigurationality and discontinuous expressions in {Panare}},
author = {Payne, Doris L.},
crossref = {bls1993proceedings},
pages = {121--138},
keywords = {panare},
}

@article{payne1995object,
title = {Object incorporation in {Panare}},
author = {Payne, Thomas E.},
journaltitle = {International Journal of American Linguistics},
volume = {61},
number = {3},
pages = {295--312},
year = {1995},
keywords = {panare},
}

@incollection{mattei2007voir,
title = {Voir et savoir en {Panaré} (langue caribe du {Venezuela})},
author = {Mattéi-Müller, Marie-Claude},
crossref = {guentcheva2007enonciation},
pages = {153--172},
keywords = {panare},
}

@mastersthesis{garcia1995tiempo,
title = {El tiempo lingüístico y el aspecto en la lengua yukpa},
author = {García, Iria},
institution = {Universidad del Zulia},
year = {1995},
keywords = {yukpa},
}

@article{medina1997algunas,
title = {Algunas consideraciones sobre la modalidad en yukpa},
author = {Medina, Raimundo},
journaltitle = {Lingua Americana},
volume = {1},
number = {1},
pages = {85--98},
year = {1997},
keywords = {yukpa},
}

@article{medina1999accerg,
title = {¿Es la lengua yukpa acusativa o ergativa?},
author = {Medina, Raimundo},
journaltitle = {Lingua Americana},
volume = {3},
number = {4},
pages = {7--26},
year = {1999},
keywords = {yukpa},
}

@article{meira2003primeras,
title = {Primeras observaciones sobre la lengua yukpa},
author = {Meira, Sérgio},
journaltitle = {Lingua Americana},
volume = {7},
number = {12},
year = {2003},
keywords = {yukpa}
}

@article{meira2006syntactic,
title = {Syntactic reanalysis in {Yukpa} ({Cariban})},
author = {Meira, Sérgio},
journaltitle = {International Journal of American Linguistics},
volume = {72},
number = {1},
pages = {135--150},
year = {2006},
keywords = {yukpa},
}

@unpublished{oquendo2000comparacion,
title = {Comparación entre el japreria y el yukpa},
author = {Oquendo, Luis},
note = {Paper presented at the 50th International Congress of Americanists},
location={Warsaw},
year = {2000},
keywords = {yukpa, japreria},
}

@article{oquendo2005anafora,
title = {La anáfora en yukpa},
author = {Oquendo, Luis and Chavier, Mariela},
journaltitle = {Boletín Antropológico},
volume = {23},
number = {63},
pages = {7--29},
year = {2005},
keywords = {yukpa},
}

@mastersthesis{palencia1998analisis,
title = {Análisis de los pronombres reflexivos yukpas en la oración simple según el principio {A} de la teoría de ligamiento de {Chomsky}},
author = {Palencia, Pedro},
institution = {Universidad del Zulia},
year = {1998},
keywords = {yukpa},
}

@collection{landaburu1996documentos,
  location    = {Santafé de Bogotá},
  title  = {Documentos sobre lenguas aborígenes de Colombia del archivo de Paul Rivet, vol.1. Lenguas de la Amazonía colombiana},
  editor     = {Landaburu, Jon},
  publisher  = {Uniandes / CCELA / COLCIENCIAS},
  year       = {1996},
}

@incollection{robayo1996carijona,
  author     = {Robayo, Camilo},
  pages      = {517-520},
  title      = {Datos actuales de la lengua {Carijona}, equivalentes al documento de {Wavrin} donde usa el cuestionario llamado "Vocabulario personal"},
  crossref={landaburu1996documentos}
}

@incollection{robayo2000intro,
title = {Introducción al estudio de la lengua yupo o yukpa},
author = {Robayo Moreno, Camilo Alberto},
crossref = {montes2000lenguas},
pages = {709--717},
keywords = {yukpa},
}

@article{rosales1998anclaje,
title = {Algunas consideraciones sobre el anclaje del tiempo lingüístico en la lengua yukpa},
author = {Rosales, Cira},
journaltitle = {Lingua Americana},
volume = {2},
number = {1},
pages = {38--48},
year = {1998},
keywords = {yukpa},
}

@mastersthesis{rosales1997tiempo,
title = {El tiempo lingüístico en la estructura sintáctica de la lengua yukpa},
author = {Rosales, Cira},
institution = {Universidad del Zulia},
year = {1997},
keywords = {yukpa},
}

@mastersthesis{sanchez2004oracion,
title = {La oración simple y la cláusula relativa en yukpa},
author = {Sánchez, A.},
institution = {Universidad del Zulia},
year = {2004},
keywords = {yukpa},
}

@article{swiggers2004orden,
title = {El orden de palabras en yukpa},
author = {Swiggers, Gisela},
journaltitle = {Lingua Americana},
number = {14},
pages = {120--131},
year = {2004},
keywords = {yukpa},
}

@article{swiggers2007la,
title = {La coordinación en yukpa},
author = {Swiggers, Gisela},
journaltitle = {Opción},
volume = {23},
number = {52},
pages = {72--84},
year = {2007},
keywords = {yukpa},
}

@book{vegamian1978diccionario,
title = {Diccionario ilustrado yupa-español, español-yupa (con onomástica y apuntes gramaticales)},
author = {Vegamian, Felix M.},
publisher = {Formateca C.A.},
location = {Caracas},
year = {1978},
keywords = {yukpa},
}

@mastersthesis{mariano2002elementos,
title = {Elementos gramaticales de la lengua de los yukos},
subtitle = {{Serranía} del {Perijá}},
author = {Mariano, Marelvis},
institution = {Universidad de Los Andes},
year = {2002},
keywords = {yukpa},
}

@mastersthesis{pachano1997analisis,
title = {Análisis sintáctico de las posposiciones en la lengua indígena yukpa},
author = {Pachano, Maryoris},
institution = {Universidad del Zulia},
year = {1997},
keywords = {yukpa},
}

@book{oquendo2007gramatica,
title = {Gramática pedagógica de la lengua yukpa},
subtitle = {nanvonku o tuampatpo yukpape kuripa tusi kuripa voni tatpo yukpa vonku},
author = {Oquendo, Luis and Morales, Venancio},
year = {2007},
publisher = {FEDUPEL},
location = {Caracas},
keywords = {yukpa}
}

@mastersthesis{chavier1999aspectos,
title = {Aspectos de la morfología del {Ye’kwana}},
author = {Chavier, M.},
institution = {Universidad del Zulia},
year = {1999},
keywords = {maqui},
}

@unpublished{hall1991degrees,
title = {Degrees of transitivity in {De'kwana} ({Carib}) verb forms},
author = {Hall, Katherine L.},
note = {Paper presented at the 47th International Congress of Americanists},
location = {New Orleans},
year = {1991},
keywords = {maqui},
}

@article{romerofigueroa2015clausular,
title = {Cláusular ergativas y no ergativas en ye’kwana ({Caribe} de norte)},
author = {Romero-Figueroa, Andrés},
journaltitle = {Línguas Indígenas Americanas},
volume = {15},
number = {1},
pages = {113--124},
year = {2015},
keywords = {maqui},
}

@book{amodio1996lingua,
title = {Língua {Makuxi}, {Makuxi} maimu},
subtitle = {Guias para a aprendizagem e dicionário da língua {Makuxi}},
author = {Amodio, Emanuelle and Pira, Vicente},
publisher = {Nordeste Gráfica},
location = {Roraima},
year = {1996},
keywords = {macushi},
}

@book{amodio2007lingua,
title = {Makuxi maimu -- Língua makuxi},
subtitle = {Guia para aprendizagem e dicionário makuxi},
edition={3},
author = {Amódio, Emanuele and Pira, Vicente},
publisher = {Editora Valer},
location = {Manaus},
year = {2007},
keywords = {macushi},
}

@mastersthesis{gouvea1994parametro,
title = {O parâmetro da ergatividade e a língua {Karibe} {Macuxi}},
author = {Gouvêa, Ana Cristina de S. Lima},
institution = {Universidade Federal do Rio de Janeiro},
year = {1994},
keywords = {macushi},
}

@article{hodsdon1976analise,
title = {Análise de cláusulas semânticas na língua {Makuxi}},
author = {Hodsdon, Cathy Ann},
journaltitle = {Série Lingüística},
number = {5},
pages = {267--300},
year = {1976},
keywords = {macushi},
}

@article{beria2000clasificacion,
title = {Clasificación de las cláusulas adverbiales de la lengua kari’ña},
author = {Beria, José},
journaltitle = {Lingua Americana},
number = {6},
pages = {16--33},
year = {2000},
keywords = {kalina},
}

@article{beria2001las,
title = {Las posibilidades coordinativas de la lengua kari’ña},
author = {Beria, José},
journaltitle = {Opción},
number = {36},
pages = {30--47},
year = {2001},
keywords = {kalina},
}

@article{beria2004los,
title = {Los procesos flexivos que modifican la base nominal en kari’ña},
author = {Beria, José},
journaltitle = {Lingua Americana},
number = {14},
pages = {99--119},
year = {2004},
keywords = {kalina},
}

@article{beria2003relativo,
title = {El relativo de sujeto en Kari’ña},
author = {Beria, José and H. Granados},
journaltitle = {Línguas Indígenas Americanas},
number = {3},
pages = {7--22},
year = {2003},
keywords = {kalina},
}

@mastersthesis{socorro1998interaccion,
title = {Interacción de morfología y fonología en el sistema verbal del kari’ña ({Caribe})},
author = {Socorro Sánchez, Marlene},
institution = {Universidad del Zulia},
year = {1998},
keywords = {kalina},
}

@article{renaultlescure1983la,
title = {La composition nominale en galibi},
author = {Renault-Lescure, Odile},
journaltitle = {Amerindia},
number = {8},
pages = {17--38},
year = {1983},
keywords = {kalina},
}

@article{renaultlescure1999le,
title = {Le dispositif aspecto-temporel des verbes finis en kali’na oriental (langue caribe de la {Guyane} française)},
author = {Renault-Lescure, Odile},
journaltitle = {Actances},
number = {10},
pages = {163--176},
year = {1999},
keywords = {kalina},
}

@article{renaultlescure2001dynamique,
title = {Dynamique des relations actancielles en kali’na de {Guyane} française (ou galibi)},
author = {Renault-Lescure, Odile},
journaltitle = {Amerindia},
number = {26/27},
pages = {67--85},
year = {2001},
keywords = {kalina},
}

@inproceedings{renaultlescure2002le,
title = {Le parfait en kali’na},
author = {Renault-Lescure, Odile},
crossref = {crevels2002current},
pages = {277--286},
keywords = {kalina},
}

@article{renaultlescure2004les,
title = {Les noms des parties du corps et leur incorporation en kali’na},
author = {Renault-Lescure, Odile},
journaltitle = {Amerindia},
number = {28},
pages = {109--132},
year = {2004},
keywords = {kalina},
}

@article{renaultlescure2012personnes,
title = {Personnes et saillance en kali’na},
author = {Renault-Lescure, Odile},
journaltitle = {Faits de Langues},
number = {39},
pages = {157--168},
year = {2012},
keywords = {kalina},
}

@book{romero-figueroa2000basic,
title = {Basic word order and sentence types in {Kari’ña}},
author = {Romero-Figueroa, Andrés},
publisher = {LINCOM Europa},
location = {München},
year = {2000},
keywords = {kalina},
}

@incollection{romero2000participant,
author = {Romero-Figueroa, Andrés},
crossref = {voort2000indigenous},
pages = {243--254},
title = {Participant coding in {Kariña} discourse},
keywords = {kalina}
}

@incollection{mosonyi2000kalina,
title = {Kari’ña},
author = {Mosonyi, Esteban Emilio and Tamanaico, Pedro J. Medina},
crossref = {mosonyi2000manual},
volume = {2},
pages = {398--450},
keywords = {kalina},
}

@mastersthesis{morales2001regularidades,
title = {Regularidades morfológicas y sintácticas de la lengua kari’ña},
author = {Morales Romero, Venancio},
institution = {Universidad del Zulia},
year = {2001},
keywords = {kalina},
}

@article{hoff2009two,
title = {Two participles of the {Carib} language of {Surinam}, with their nominal, verbal, and adjectival properties},
author = {Hoff, Berend J. and Kiban, Robert J.},
journaltitle = {International Journal of American Linguistics},
volume = {75},
number = {3},
pages = {337--364},
year = {2009},
keywords = {kalina},
}

@article{hoff1986evidentiality,
title = {Evidentiality in {Carib}},
subtitle = {Particles, affixes, and a variant of {Wackernagel}'s Law},
author = {Hoff, Berend J.},
journaltitle = {Lingua},
volume = {69},
pages = {49--103},
year = {1986},
keywords = {kalina},
}

@incollection{hoff1990the,
title = {The non-modal particles of the {Carib} language of {Surinam} and their influence on constituent order},
author = {Hoff, Berend J.},
crossref = {payne1990amazonian},
pages = {495--541},
keywords = {kalina},
}

@article{hoff1995configurationality,
title = {Configurationality and nonconfigurationality in the {Carib} language of {Surinam}},
author = {Hoff, Berend J.},
journaltitle = {International Journal of American Linguistics},
volume = {61},
number = {4},
pages = {347--377},
year = {1995},
keywords = {kalina},
}

@mastersthesis{robayo1986verbal,
title = {La flexión verbal del carijona},
author = {Robayo Moreno, Camilo Alberto},
institution = {Universidad de los Andes},
year = {1986},
keywords = {carijo},
}

@mastersthesis{robayo1987person,
title = {Le système des personnes de la langua carijona},
author = {Robayo Moreno, Camilo Alberto},
institution = {Université Paris VII},
year = {1987},
keywords = {carijo},
}

@incollection{robayo2000avance,
title = {Avance sobre morfología carijona},
author = {Robayo Moreno, Camilo Alberto},
crossref = {montes2000lenguas},
pages = {171--180},
keywords = {carijo},
}

@article{bonfim2015inclusiva,
title = {A pessoa inclusiva em bakairi},
subtitle = {morfologia pronominal e ontologia em línguas caribe},
author = {Bonfim, Evandro de Sousa},
journaltitle = {Espaço Ameríndio},
volume = {9},
number = {1},
pages = {35--53},
year = {2015},
keywords = {bakairi},
}

@inproceedings{souza1997referencialidade,
title = {Referencialidade e enunciação em {Bakairi} ({Carib})},
author = {Souza, Tania Conceição Clemente},
booktitle = {III Jornadas de Lingüística Aborigen},
editor = {Censabella, Marisa and Viegas Barros, J. Pedro},
location = {Buenos Aires},
pages = {319--327},
year = {1997},
keywords = {bakairi},
}

@article{souza2003referencialidade,
title = {Referencialidade em {Bakairi}},
author = {Souza, Tania Conceição Clemente},
journaltitle = {Amerindia},
number = {28},
pages = {201--212},
year = {2003},
keywords = {bakairi},
}

@phdthesis{souza2004bakairi,
title = {{Bakairi} ({Southern} {Brazil} {Carib})},
subtitle = {A syntactically ergative {Brazilian} indigenous language with diathesis inversion},
author = {Souza, Tania Conceição Clemente},
institution = {Universidade Federal de Juiz de Fora},
year = {2004},
keywords = {bakairi},
}

@inproceedings{souza2005ergative,
title = {Questões sobre ergatividade em {Bakairi} ({Caribe})},
author = {Souza, Tania Conceição Clemente},
booktitle = {Actas del XIV Congreso Internacional de la ALFAL},
editor = {Valencia, Alba},
location = {Monterrey},
year = {2005},
keywords = {bakairi},
}

@article{souza2007aspectos,
title = {Alguns aspectos da ergatividade em {Bakairi} ({Karib})},
author = {Souza, Tania Conceição Clemente},
journaltitle = {Estudos da Língua(gem)},
volume = {4},
number = {1},
year = {2006},
pages = {137--152},
keywords = {bakairi},
}

@incollection{souza2007discours,
title = {Discours et médiation en bakaïri (langue caribe, {Brésil})},
author = {Souza, Tania Conceição Clemente},
crossref = {guentcheva2007enonciation},
pages = {205--218},
keywords = {bakairi},
}

@incollection{meira2003bakairi,
title = {A marcação de pessoa nos verbos em {Bakairi} ({Karíb})},
author = {Meira, Sérgio},
crossref = {queixalos2003ergatividade},
pages = {155--163},
keywords = {bakairi},
}

@book{bruno1996guia,
title = {Guia de aprendizagem da língua {Waimirí-atroari}},
author = {Bruno, Ana Carla dos Santos},
publisher = {Programa Waimirí-Atroari, Convênio FUNAI / Eletronorte},
location = {Manaus},
year = {1996},
keywords = {waimiri},
}

@unpublished{lacerda1996observacoes,
title = {Observações sobre morfologia e sintaxe da língua {Waimiri Atroari}},
note = {\textsc{ms}},
author = {Lacerda, Edith},
location = {Manaus},
institution = {Programa Waimiri Atroari, Subprograma de Educação},
year = {1996},
keywords = {waimiri},
}

@unpublished{lacerda1991waimiri,
title = {{Waimiri-Atroari}},
subtitle = {observações lingüísticas},
note = {\textsc{ms}},
author = {Lacerda, Edith},
location = {Manaus},
institution = {Programa Waimiri Atroari, Subprograma de Educação},
year = {1991},
keywords = {waimiri},
}

@mastersthesis{campetela1997analise,
title = {Análise do sistema de marcação de caso nas orações independentes da língua {Ikpeng}},
author = {Campetela, Cilene},
institution = {Universidade Estadual de Campinas},
year = {1997},
keywords = {ikpeng},
}

@phdthesis{campetela2002aspectos,
title = {Aspectos prosódicos da língua {Ikpeng}},
author = {Campetela, Cilene},
institution = {Universidade Estadual de Campinas},
year = {2002},
keywords = {ikpeng}
}

@incollection{pacheco2014causative,
title = {Construções causativas em {Ikpeng} ({Karíb})},
author = {Pachêco, Frantomé B.},
crossref = {queixalos2014valencia},
pages = {97--111},
keywords = {ikpeng},
}

@inproceedings{pacheco1997relative,
title = {A posição do {Ikpeng} ({Karib}) na tipologia das relativas},
author = {Pachêco, Frantomé B.},
booktitle = {Anais do XX Seminário do CELLIP},
location = {Universidade Estadual de Londrina},
year = {1997},
keywords = {ikpeng},
}

@article{pacheco1997relativizacao,
title = {Relativização de objeto em {Ikpeng}/ {Txicão} ({Karib})},
subtitle = {uma proposta de análise},
author = {Pachêco, Frantomé B.},
journaltitle = {Estudos Lingüísticos},
volume = {26},
pages = {697--701},
year = {1997},
keywords = {ikpeng},
}

@incollection{pacheco1998nominalizacao,
title = {Nominalização de sujeito e objeto em {Ikpeng}/{Txicão} ({Karib})},
author = {Pachêco, Frantomé B.},
journaltitle = {Estudos Lingüísticos},
volume = {27},
pages = {769--772},
year = {1998},
keywords = {ikpeng},
}

@incollection{pacheco2002aspectos,
title = {Aspectos da morfologia {Ikpeng}},
author = {Pachêco, Frantomé B.},
crossref = {cabral2002atas},
volume = {2},
pages = {54--61},
keywords = {ikpeng},
}

@article{pacheco2003elipse,
title = {Elipse e reiteração em textos {Ikpeng} ({Karib})},
author = {Pachêco, Frantomé B.},
journaltitle = {Línguas Indígenas Americanas},
volume = {3},
pages = {53--74},
year = {2003},
keywords = {ikpeng},
}

@article{pacheco2003intransitivos,
title = {Verbos intransitivos em {Ikpeng} ({Caribe})},
subtitle = {proposta de organização morfossintática},
author = {Pachêco, Frantomé B.},
journaltitle = {Amerindia},
number = {28},
pages = {95--108},
year = {2003},
keywords = {ikpeng},
}

@incollection{pacheco2005nucleares,
title = {As funções sintáticas nucleares e periféricas em {Ikpeng} ({Karíb})},
author = {Pachêco, Frantomé B.},
crossref = {rodrigues2005novos},
pages = {169--176},
keywords = {ikpeng},
}

@article{pacheco2007morfofonologia,
title = {Morfofonologia dos prefixos pessoais em {Ikpeng} ({Karíb})},
author = {Pachêco, Frantomé B.},
journaltitle = {Estudos Lingüísticos},
volume = {36},
number = {1},
pages = {268--277},
year = {2007},
keywords = {ikpeng},
}

@article{pacheco2009construcoes,
title = {Construções deverbais e processos de subordinação em {Ikpeng} ({Karíb})},
subtitle = {breve discussão},
issuetitle = {Estudos linguísticos de línguas indígenas brasileiras},
author = {Pachêco, Frantomé B.},
journaltitle = {ReVEL},
volume = {7},
number = {3},
year = {2009},
keywords = {ikpeng},
}

@incollection{carlin1997nominal,
title = {Nominal possession in {Trio}},
author = {Carlin, Eithne B.},
crossref = {coerts1997netherlands},
pages = {25--36},
keywords = {trio},
}

@incollection{carlin2006verbalizers,
title = {The verbalizers in {Trio} ({Cariban})},
subtitle = {a semantic description},
author = {Carlin, Eithne B.},
crossref = {rowicka2006verb},
pages = {143--157},
keywords = {trio},
}

@article{carlin2011theticity,
title = {Theticity in {Trio} ({Cariban})},
author = {Carlin, Eithne B.},
journaltitle = {International Journal of American Linguistics},
volume = {77},
number = {1},
pages = {1--31},
year = {2011},
keywords = {trio},
}

@article{meira2005contrasting,
title = {Contrasting contrastive demonstratives in {Tiriyó} and {Lavukaleve}},
author = {Meira, Sérgio and Terill, Angela},
journaltitle = {Linguistics},
volume = {43},
number = {6},
pages = {1131--1152},
year = {2005},
keywords = {trio},
}

@article{meira2003mental,
title = {Mental state postpositions in {Tiriyó} and other {Cariban} languages},
author = {Meira, Sérgio},
journaltitle = {Linguistic Typology},
volume = {7},
number = {3},
pages = {131--159},
year = {2003},
keywords = {trio},
}

@inproceedings{meira2003morfologia,
title = {Morfologia vs. semântica ou intransitividade cindida em {Tiriyó} ({Karíb})},
author = {Meira, Sérgio},
booktitle = {Atas do {II} Encontro Nacional do {GELCO}},
booksubtitle = {Integração lingüística, étnica e social},
location = {Brasilia},
editor = {da Silva, Denize Elena Garcia},
pages = {261--270},
year = {2003},
keywords = {trio},
}

@article{meira2004demonstratifs,
title = {Les démonstratifs proximaux non-animés de la langue tiriyo (caribe)},
subtitle = {une étude de corpus},
author = {Meira, Sérgio},
journaltitle = {Amerindia},
number = {28},
pages = {183--200},
year = {2004},
keywords = {trio},
}

@incollection{carlin2009truth,
title = {Truth and knowledge markers in {Wayana} ({Cariban}), {Suriname}},
author = {Carlin, Eithne B.},
crossref = {wetzels2009linguistics},
pages = {135--150},
keywords = {wayana},
}

@mastersthesis{hough2008space,
title = {The expression \& perception of space in {Wayana}},
author = {Hough, Karen},
institution = {Leiden University},
year = {2008},
keywords = {wayana},
}

@incollection{jackson1972wayana,
title = {A {Wayana} grammar},
author = {Jackson, Walter S.},
crossref = {grimes1972languages},
pages = {47--77},
keywords = {wayana},
}

@incollection{cruz2002posse,
title = {Posse do nome em {Ingarikó}},
author = {Cruz, Odileiz Souza},
crossref = {cabral2002atas},
volume = {2},
pages = {13--21},
keywords = {kapon},
}

@unpublished{gildea2000the,
title = {The innovative progressive in {Akawaio} ({Cariban})},
author = {Gildea, Spike},
note = {Workshop on Amerindian Languages},
institution = {University of California},
location = {Santa Barbara},
year = {2000},
keywords = {kapon},
}

@incollection{stefanowitsch2002causative,
title = {Causative constructions in {Akawaio}},
author = {Stefanowitsch, Anatol},
crossref = {shibatani2002grammar},
pages = {341--371},
keywords = {kapon},
}

@article{derbyshire1961hixkaryana,
title = {Hixkaryana ({Carib}) syntax structure},
author = {Derbyshire, Desmond C.},
journaltitle = {International Journal of American Linguistics},
volume = {27},
number = {2--3},
pages = {125--142, 226--236},
year = {1961},
keywords = {hixka},
}

@article{derbyshire1961hixkaryana2,
author = {Derbyshire, Desmond C.},
journal = {International Journal of American Linguistics},
pages = {226--236},
title = {Hixkaryana ({Carib}) syntax strucure, II},
volume = {27},
year = {1961},
keywords = {hixka},

}

@article{derbyshire1977ovs,
title = {Word order Universals and the existence of {OVS} languages},
author = {Derbyshire, Desmond C.},
journaltitle = {Linguistic Inquiry},
volume = {8},
number = {3},
pages = {590--599},
year = {1977},
keywords = {hixka},
}

@incollection{derbyshire1986topic,
title = {Topic continuity and {OVS} order in {Hixkaryana}},
author = {Derbyshire, Desmond C.},
crossref = {sherzer1986native},
pages = {237--306},
keywords = {hixka},
}

@article{kalin2012hixkaryana,
title = {Hixkaryana},
subtitle = {the syntax of object verb subject word order},
author = {Kalin, Laura},
journaltitle = {Coyote Papers},
number = {20},
pages = {37--45},
year = {2012},
keywords = {hixka},
}

@book{edwards1980short,
title = {A short grammar and dictionary of the {Akawaio} and {Arekuna} languages of {Guyana}},
author = {Edwards, W.F.},
location = {Georgetown},
publisher = {University of Guyana},
year = {1980},
keywords = {kapon, pemon},
}

@book{gutierrez2001gramatica,
title = {Gramática didáctica de la lengua {Pemón}},
author = {Gutiérrez, Mariano},
location = {Caracas},
publisher = {Universidad Católica Andrés Bello},
year = {2001},
keywords = {pemon,grammar},
}

@incollection{mosonyi2000pemon,
title = {Pemón},
author = {Mosonyi, Esteban Emilio and Benavides, Basilio},
crossref = {mosonyi2000manual},
volume = {2},
pages = {492--543},
keywords = {pemon},
}

@article{palencia2000causative,
title = {Las construcciones causativas en pemón (caribe)},
author = {Palencia, Iraima},
journaltitle = {Lingua Americana},
volume = {4},
number = {7},
pages = {52--66},
year = {2000},
keywords = {pemon},
}

@incollection{romerofigueroa2000morfologia,
title = {Morfología verbal del pemón},
author = {Romero-Figueroa, Andrés},
crossref = {staib2000linguistica},
pages = {551--564},
keywords = {pemon},
}

@inproceedings{franchetto1977classes,
title = {Classes semânticas na língua {Kuikúru}},
author = {Franchetto, Bruna},
booktitle = {Atas do II Encontro Nacional de Lingüística},
location = {Rio de Janeiro},
pages = {116--144},
year = {1977},
keywords = {uxc},
}

@article{franchetto1983generosverbais,
title = {A fala do chefe},
subtitle = {gêneros verbais entre os {Kuikuru} do {Alto Xingu}},
author = {Franchetto, Bruna},
journaltitle = {Cadernos de Estudos Lingüísticos},
number = {4},
pages = {45--72},
year = {1983},
keywords = {uxc},
}

@article{franchetto1990ergatividade,
title = {A ergatividade {Kuikúro} (karibe)},
subtitle = {algumas propostas de análise},
author = {Franchetto, Bruna},
journaltitle = {Cadernos de Estudos Lingüísticos},
number = {18},
pages = {57--77},
year = {1990},
keywords = {uxc},
}

@article{franchetto1994ergatividade,
title = {A ergatividade {Kuikúro}},
subtitle = {quadro geral, hipóteses explicativas e uma visão comparativa},
author = {Franchetto, Bruna},
journaltitle = {Revista Latinoamericana de Estudios Etnolingüísticos},
number = {8},
pages = {7--16},
year = {1994},
keywords = {uxc},
}

@incollection{franchetto2000linguas,
title = {Línguas e história no {Alto Xingu}},
author = {Franchetto, Bruna},
crossref = {franchetto2000povos},
pages = {111--156},
}

@incollection{franchetto2002kuikuro,
title = {Kuikuro},
subtitle = {uma língua ergativa no ramo meridional da família {Karib} ({Alto Xingu})},
author = {Franchetto, Bruna},
crossref = {queixalos2002ergatividade},
keywords = {uxc},
}

@unpublished{franchetto2003raices,
title = {¿Raíces polivalentes o raíces acategoriales?},
subtitle = {Léxico y gramática en la lengua {Kuikuro} ({Caribe} de {Amazonía} meridional)},
author = {Franchetto, Bruna},
note = {Paper presented at the Symposium “Polivalencia de las raíces lexicales en las lenguas amerindias”, 51th International Congress of Americanists},
location = {Santiago de Chile},
year = {2003},
}

@article{franchetto2004autre,
title = {L’autre du même},
subtitle = {parallélisme et grammaire dans l’art verbal des récits {Kuikuro} (caribe du {Haut Xingu}, {Brésil})},
author = {Franchetto, Bruna},
journaltitle = {Amerindia},
number = {28},
pages = {213--248},
year = {2004},
}

@incollection{franchetto2004coreferentiality,
title = {Coreferentiality in {Kuikuro} ({Southern Carib}, {Brazil})},
author = {Franchetto, Bruna},
crossref = {queixalos2004ergatividade},
keywords = {uxc},
}

@incollection{franchetto2006roots,
title = {Are {Kuikuro} roots lexical categories?},
author = {Franchetto, Bruna},
crossref = {vapnarsky2006lexical},
pages = {33--68},
keywords = {uxc},
}

@incollection{franchetto2007parole,
title = {Les marques de la parole vraie en {Kuikuro}, langue caribe du {Haut-Xingu} ({Brésil})},
author = {Franchetto, Bruna},
crossref = {guentcheva2007enonciation},
pages = {173--204},
}

@article{franchetto2008absolutivo,
title = {Absolutivo e ergativo pensados a partir do {Kuikuro}},
author = {Franchetto, Bruna},
journaltitle = {Amerindia},
number = {32},
pages = {37--56},
year = {2008},
keywords={uxc}
}

@article{franchetto2009tempo,
title = {Tempo nominal em {Kuikuro} ({Karib} {Alto-Xinguano})},
author = {Franchetto, Bruna},
journaltitle = {ReVEL},
volume = {7},
number = {3},
issuetitle = {Estudos linguísticos de línguas indígenas brasileiras},
year = {2009},
keywords = {uxc},
}

@collection{franchetto2011alto,
title = {{Alto Xingu}},
subtitle = {Uma sociedade multilíngüe},
editor = {Franchetto, Bruna},
publisher = {Museu do Índio},
location = {Rio de Janeiro},
year = {2011},
}

@inproceedings{franchetto2007concepts,
title = {Concepts and forms of ‘plurality’ in {Kuikuro} ({Southern Carib}, {Brazil})},
author = {Franchetto, Bruna and Mehinaku, Mutuá and Santos, Mutuá},
crossref = {deal2007proceedings},
pages = {99--116},
}

@incollection{franchetto2001estruturas,
title = {Estruturas argumentais em {Kuikuro} ({Karib} do {Alto Xingu})},
author = {Franchetto, Bruna and Santos, Mara},
crossref = {cabral2001estudos},
volume = {1},
pages = {101--115},
keywords = {uxc},
}

@incollection{franchetto2003natureza,
title = {Natureza dos argumentos e mudança de valência a partir de uma classificação (semântica) dos “verbos” {Kuikuro}},
author = {Franchetto, Bruna},
crossref = {queixalos2003ergatividade},
keywords = {uxc},
}

@incollection{franchetto2010cartography,
title = {Cartography of expanded {CP} in {Kuikuro} ({Southern Carib}, {Brazil})},
author = {Franchetto, Bruna and Santos, Mara},
crossref = {camacho2010information},
pages = {87--114},
}

@mastersthesis{santos2002morfologia,
title = {Morfologia {Kuikuro}},
subtitle = {as categorias ‘nome’ e ‘verbo’ e os processos de transitivização e intransitivização},
author = {dos Santos, Gélsama Mara Ferreira},
institution = {Universidade Federal do Rio de Janeiro},
year = {2002},
keywords = {uxc},
}

@article{santos2008flexionais,
title = {As classes morfológicas flexionais da língua {Kuikuro}},
author = {Santos, Gélsama Mara Ferreira dos},
journaltitle = {Línguas Indígenas Americanas},
number = {8},
pages = {105--120},
year = {2008},
keywords = {uxc},
}

@incollection{santos2014nominalizacao,
title = {Nominalização dos argumentos interno e externo em {Kuikuro}},
author = {Santos, Mara and Franchetto, Bruna},
crossref = {storto2014sintaxe},
pages = {43--64},
}

@article{gildea2016referential,
title = {Referential hierarchies},
subtitle = {A new look at some historical and typological patterns},
author = {Gildea, Spike and Zúñiga, Fernando},
journaltitle = {Linguistics},
volume = {54},
number = {3},
pages = {483--529},
year = {2016},
}

@incollection{franchetto2017kuikuro,
title = {Kuikuro},
author = {Franchetto, Bruna and Fausto, Carlos and {Kuikuro}, Ájahi and {Kuikuro} Mehinaku, Jamalui},
pages = {23--88},
crossref = {stenzel2017voices},
keywords = {uxc}
}

@incollection{mehinaku2014xingu,
title = {Tetsualü},
subtitle = {The pluralism of languages and people in the {Upper Xingu}},
author = {Mehinaku, Mutua and Franchetto, Bruna},
crossref = {comrie2014contact},
pages = {121--164},
}

@phdthesis{mehinaku2010tetsualu,
title = {Tetsualü},
subtitle = {pluralismo de línguas e pessoas no {Alto Xingu}},
author = {Mehinaku, Mutua},
institution = {Museu Nacional da Universidade Federal do Rio de Janeiro},
year = {2010}
}

@unpublished{gildea2009reconstructing,
title = {Reconstructing sources for hierarchical alignment in main clause grammar},
author = {Gildea, Spike},
note = {Paper presented at the 8th Biennial Conference of the Association for Linguistic Typology, UC Berkeley},
year = {2009}
}

@inbook{fabrecarib,
author = {Fabre, Alain},
title = {Caribe},
year = {2005},
booktitle = {Diccionario etnolingüístico y guía bibliográfica de los pueblos indígenas sudamericanos},
url = {http://ling.fi/Entradas diccionario/Dic=Caribe.pdf},
urldate = {2017-04-16}
}

@incollection{meira2006cariban,
title = {Cariban Languages},
booktitle = {Encyclopedia of language and linguistics},
editor = {Brown, Keith},
author = {Meira, Sérgio},
pages = {199--203},
year = {2006},
publisher = {Elsevier},
location = {Oxford},
keywords = {overview},
sorttitle = {a}
}

@article{meira2006familia,
title = {A família linguística {Caribe} ({Karíb})},
author = {Meira, Sérgio},
journaltitle = {Revista de estudos e pesquisas},
volume = {3},
number = {1/2},
pages = {157--174},
year = {2006},
keywords = {overview},
sorttitle = {b}
}

@unpublished{gildea2015venezuelan,
author = {Gildea, Spike},
title = {15 years later},
year = {2015},
subtitle = {Current Perspectives on the {Venezuelan} Branch Hypothesis},
note = {Paper presented at the Working Conference on Venezuelan Cariban Languages},
institution = {Université de Lyon},
url = {https://www.academia.edu/30561529/15_years_later_Current_Perspectives_on_the_Venezuelan_Branch_Hypothesis},
urldate = {2018-10-15}
}

@inproceedings{mattei2002busca,
title = {En busca de criterios clasificatorios para la Familia {Caribe}},
author = {Mattéi-Müller, Marie-Claude},
crossref = {cabral2002atas},
pages = {37--53},
}

@book{von1892bakairi,
title = {Die {Bakaïri-Sprache}},
subtitle = {{Wörterverzeichniss, Sätze, Sagen, Grammatik}; mit {Beiträgen} zu einer {Lautlehre} der karaïbischen {Grundsprache}},
author = {von den Steinen, Karl},
year = {1892},
publisher = {Koehler},
location = {Leipzig},
keywords = {bakairi}
}

@book{adam1893materiaux,
title = {Matériaux pour servir à l'établissement d'une grammaire comparée des dialectes de la famille {Caribe}},
author = {Adam, Lucien},
year = {1893},
publisher = {J. Maisonneuve},
location = {Paris}
}

@incollection{rivet1924langues,
author = {Rivet, Paul},
title = {Langues Américaines II},
subtitle = {Langues de l'{Amérique du Sud} et des {Antilles}},
pages = {639--712},
booktitle = {Les Langues du Monde},
edition = {1},
editor = {Meillet, Antoine and Cohen, Marcel},
year = {1924},
publisher = {Champion},
location = {Paris},
}

@incollection{rivet1952langues,
author = {Rivet, Paul and Loukotka, Čestmír},
title = {Langues de l'{Amérique du Sud} et des {Antilles}},
pages = {1067--1097},
booktitle = {Les Langues du Monde},
edition = {2},
editor = {Meillet, Antoine and Cohen, Marcel},
year = {1952},
publisher = {Champion},
location = {Paris},
}

@book{loukotka1968classification,
title = {Classification of {South American} indian languages},
author = {Loukotka, Čestmír},
editor = {Wilbert, Johannes},
year = {1968},
publisher = {Latin American Center, University of California},
location = {Los Angeles}
}

@mvbook{degoeje1946etudes,
title = {Études linguistiques caraïbes},
author = {de Goeje, Claudius Henricus},
volume = {2},
year = {1946},
publisher = {Koninklijke Akademie van Wetenschappen te Amsterdam},
location = {Amsterdam}
}

@book{degoeje1909etudes,
location = {Amsterdam},
author = {de Goeje, Claudius Henricus},
publisher = {Koninklijke Akademie van Wetenschappen te Amsterdam},
title = {Études linguistiques caraïbes},
volume = {1},
year = {1909},
}

@article{durbin1973proto,
author = {Marshall Durbin and Haydée Seijas},
journal = {International Journal of American Linguistics},
number = {1},
pages = {22--31},
title = {Proto {Hianacoto}},
subtitle = {{Guaque-Carijona-Hianacoto Umaua}},
keywords = {carijo},
volume = {39},
year = {1973}
}

@mvbook{gilij1784saggio,
title = {Saggio di Storia {Americana}, o sia Storia Naturale, Civile, e Sacra De regni, e delle provincie {Spagnuole} di Terra-ferma nell' {America} meridionale},
author = {Gilij, Filippo Salvadore},
year = {1780--1784},
location = {Rome},
publisher = {Luigi Perego Salvioni},
volumes = {4},
}

@mvbook{gilij1782saggio,
maintitle = {Saggio di Storia {Americana}, o sia Storia Naturale, Civile, e Sacra De regni, e delle provincie {Spagnuole} di Terra-ferma nell' {America} meridionale},
author = {Gilij, Filippo Salvadore},
year = {1782},
volume = {3},
title = {Della religione, e delle lingue degli {Orinochesi}, e di altri {Americani}},
publisher = {Luigi Perego Salvioni},
location = {Rome},
}

@mvbook{gilij1781saggio,
maintitle = {Saggio di Storia {Americana}, o sia Storia Naturale, Civile, e Sacra De regni, e delle provincie {Spagnuole} di Terra-ferma nell' {America} meridionale},
author = {Gilij, Filippo Salvadore},
year = {1782},
volume = {2},
title = {Della religione, e delle lingue degli {Orinochesi}, e di altri {Americani}},
publisher = {Luigi Perego Salvioni},
location = {Rome},
}

@mvbook{gilij1780saggio,
maintitle = {Saggio di Storia {Americana}, o sia Storia Naturale, Civile, e Sacra De regni, e delle provincie {Spagnuole} di Terra-ferma nell' {America} meridionale},
author = {Gilij, Filippo Salvadore},
year = {1782},
volume = {1},
title = {Della religione, e delle lingue degli {Orinochesi}, e di altri {Americani}},
publisher = {Luigi Perego Salvioni},
location = {Rome},
}

@mvbook{gilij1965saggio,
title = {Ensayo de historia americana},
author = {Gilij, Filippo Salvadore},
translator = {Tovar, Antonio},
year = {1965},
volumes = {3},
location = {Caracas},
publisher = {Fuentes para la Historia Colonial de Venezuela}
}

@mvbook{gilij1965saggio3,
title = {Ensayo de historia americana},
author = {Gilij, Filippo Salvadore},
translator = {Tovar, Antonio},
year = {1965},
volumes = {3},
volume = {3},
location = {Caracas},
publisher = {Fuentes para la Historia Colonial de Venezuela}
}

@phdthesis{howard2001wrought,
title = {Wrought Identities},
subtitle = {The {Waiwai} expeditions in search of the “unseen tribes” of {Northern Amazonia}},
author = {Howard, Catherine V.},
year = {2001},
institution = {University of Chicago},
keywords={hixka,waiwai},
}

@book{alvarez2018kumana,
author = {Álvarez, José},
title = {Kure mana choto maimuru},
year = {2018},
publisher = {Universidad del Zulia},
location = {Maracaibo},
keywords={kumana}
}

@phdthesis{eriksen2011nature,
title = {Nature and culture in prehistoric {Amazonia}},
subtitle = {Using {G.I.S.} to reconstruct ancient ethnogenetic processes from archaeology, linguistics, geography, and ethnohistory},
author = {Eriksen, Love},
institution = {Lund University},
year = {2011}
}

@phdthesis{monterrey2007pouvoir,
title = {Pouvoir, parenté et société chez les {Ye'kwana} du {Caura-Erebato}, au {Venuezuela}},
subtitle = {de la diversité à la synthèse},
author = {Silva Monterrey, Nalúa Rosa},
year = {2007},
institution = {École des hautes études en sciences sociales},
}

@book{farabee1924central,
title = {The Central {Caribs}},
author = {Farabee, William Curtis},
location = {Philadelphia},
publisher = {The University Museum},
year = {1924}
}

@article{frikel1958classificaccao,
title = {Classificação lingüístico-etnológica das tribos indígenas do {Pará} setentrional e zonas adjacentes},
author = {Frikel, Frei Protásio},
journaltitle = {Revista de Antropologia},
pages = {113--188},
year = {1958},
volume = {6},
number = {2},
}

@book{coudreau1901voyage,
title = {Voyage au {Cuminá}},
subtitle = {20 Avril 1900 -- 7 Septembre 1900},
author = {Coudreau, Olive},
location = {Paris},
publisher = {A. Lahure},
year = {1901}
}

@book{desousa1875para,
location = {Rio de Janeiro},
author = {de Sousa, Francisco Bernardino},
title = {Pará e {Amazonas}},
publisher = {Typographia Nacional},
year = {1875},
}

@book{rodrigues1885,
location = {Rio de Janeiro},
author = {Rodrigues, João Barbosa},
publisher = {Imprensa Nacional},
title = {Rio {Jauapery}},
subtitle = {Pacificação dos {Crichanás}},
year = {1885},
}

@article{adam1905accawai,
title = {Grammaire de l'{Accawai}},
author = {Adam, Lucien},
journal = {Journal de la Société des américanistes},
volume = {2},
pages = {43--89},
year = {1905},
}


@article{hubner1907yawapery,
title = {Die {Yauaperý}},
author = {Hübner, Georg and Koch-Grünberg, Theodor},
journaltitle = {Zeitschrift für Ethnologie},
volume = {39},
number = {1/2},
pages = {225--248},
year = {1907},
}

@article{ehrenreich1895,
author = {Ehrenreich, Paul},
journal = {Zeitschrift für Ethnologie},
pages = {149--176},
title = {{Materialien} zur {Sprachenkunde} {Brasiliens}},
volume = {27},
year = {1895}
}

@article{galvao1965txikao,
author = {Galvão, Eduardo and Simões, Mário F.},
journal = {Boletim do Museu Paraense Emílio Goeldi, Série Antropologia},
pages = {1--23},
title = {Noticia sobre os Indios {Txikão} - {Alto Xingu}},
volume = {24},
year = {1965},
}

@article{krause1936yaruma,
title = {Die {Yarumá} und {Arawine-Indianer} {Zentralbrasiliens}},
author = {Krause, Fritz},
year = {1936},
journaltitle = {},
pages = {},
}

@article{silva2011prosodic,
title = {Prosodic distinctions between the varieties of the {Upper-Xingu} {Carib} language},
subtitle = {results of an acoustic analysis},
author = {da Silva, Glauber Romling and Franchetto, Bruna},
journaltitle = {Amerindia},
volume = {35},
year = {2011},
pages = {41--52},
keywords = {uxc}
}

@incollection{pineda1958oponcarare,
title = {Vocabulario opón-carare},
author = {Pineda Giraldo, Roberto},
booktitle = {Homenaje al profesor {Paul Rivet}},
pages = {191--203},
editor = {Pineda Giraldo, Roberto and Fornaguera, Miguel},
year = {1958},
publisher = {Editorial ABC},
location = {Bogotá}
}

@article{durbin1973note,
title = {A Note on {Panche}, {Pijao}, {Pantagora} ({Palenque}), {Colima} and {Muzo}},
author = {Durbin, Marshall and Seijas, Haydée},
journaltitle = {International Journal of American Linguistics},
volume = {39},
number = {1},
pages = {47--51},
year = {1973},
}

@inproceedings{durbin1975yukpa,
  location    = {Genoa},
  author     = {Durbin, Marshall and Seijas,  Haydée},
  booktitle  = {Linguistica - Folklore - Storia americana - Sociologia},
  editor     = {Cerulli, Ernesta and Della Ragione, Gilda},
  pages      = {69--77},
  publisher  = {Tilgher},
  booksubtitle     = {Atti del XL Congresso Internazionale degli Americanisti},
  title      = {The Phonological Structure of the Western {Carib} Languages of the {Sierra} de {Perijá}, {Venezuela}},
  volume     = {3},
  year       = {1975},
  keywords={yukpa}
}

@article{oquendo2004japreria,
title = {Is {Japreria} a {Yukpa} Dialect?},
author = {Oquendo, Luis},
journaltitle = {Lingua Americana},
volume = {8},
number = {14},
year = {2004},
pages = {87--98},
keywords={japreria}
}

@article{mosonyi1986lenguas,
title = {Lenguas indígenas de {Venezuela}},
author = {Mosonyi, Jorge C.},
journaltitle = {Boletín de Lingüística},
volume = {7},
pages = {19--40},
year = {1986}
}

@book{camargo2002lexico,
title = {Léxico bilingüe},
subtitle = {aparai-português / português-aparai},
author = {Camargo, Eliane},
year = {2002},
publisher = {Lincom Europa},
location = {München},
keywords = {apalai}
}

@unpublished{mosonyi2004,
author = {Mosonyi, Esteban Emilio and González, Jorge Pocaterra},
title = {Experiencias recientes de revitalización lingüística en la {Venezuela} indígena},
note = {Paper presented at the Fórum Universal de les Cultures},
location = {Barcelona},
year = {2004},
}

@unpublished{hoff2017between,
title = {Between Evidentiality, Immediacy, and Epistemic Certainty in {Kari'nja}},
author = {Hoff, Berend J. and Gildea, Spike and Sapién, Racquel-María},
note = {Talk held at SLE 2017},
location = {Zürich},
year = {2017},
}

@unpublished{guerrero2016karihona,
title = {The alignment and person-marking system in {Karijona} ({Cariban}, {Northwest} {Amazonia})},
author = {Guerrero-Beltrán, David Felipe},
note = {Paper presented at the Language and Culture Research Centre, James Cook University},
year = {2016},
keywords = {carijo}
}

@unpublished{alvarez2016esbozo,
author = {Álvarez, José},
title = {Esbozo de una gramática de la lengua Kari’ña},
year = {2016},
location = {Maracaibo},
url = {https://www.academia.edu/28516773/Esbozo_de_una_gramática_de_la_lengua_kariña},
urldate = {2019-01-16},
keywords = {kalina}
}

@article{yamada2011evidentiality,
title = {A New Approach to \textit{ky-} and \textit{-ng} in {Kari’nja}},
subtitle = {Evidentiality or Something Else?},
author = {Yamada, Racquel-María},
journal = {International Journal of American Linguistics},
volume = {77},
number = {1},
pages = {59--89},
year = {2011},
keywords={kalina}
}

@article{bruno2003reduplicacao,
author = {Bruno, Ana Carla},
journaltitle = {Amerindia},
number = {28},
pages = {83--94},
title = {Reduplicação em {Waimiri} {Atroari}},
year = {2003},
keywords={waimiri}
}

@collection{key2015ids,
editor = {Mary Ritchie Key and Bernard Comrie},
location = {Leipzig},
year = {2015},
publisher = {Max Planck Institute for Evolutionary Anthropology},
title = {The Intercontinental Dictionary Series},
}

@incollection{hawkins2015dictionary,
author = {Robert E. Hawkins and Mary Ritchie Key},
title = {{Wai Wai}},
url = {https://ids.clld.org/contributions/175},
crossref = {key2015ids},
keywords = {waiwai}
}

@incollection{abbott2015dictionary,
author = {Miriam Abbott and Patrick Foster and Mary Ritchie Key},
title = {{Macushi}},
url = {https://ids.clld.org/contributions/173},
crossref = {key2015ids},
keywords = {macushi}
}

@incollection{price2015dictionary,
author = {Jana Price and Mary Ritchie Key},
title = {{Panare}},
url = {https://ids.clld.org/contributions/172},
crossref = {key2015ids},
keywords = {panare}
}

@incollection{hall2015dictionary,
author = {Katherine Hall and Mary Ritchie Key},
title = {{De'kwana}},
url = {https://ids.clld.org/contributions/174},
crossref = {key2015ids},
keywords = {maqui}
}

@book{stegeman2014akawaio,
author = {Ray Stegeman and Rita Hunter},
publisher = {SIL International},
title = {{Akawaio}-{English} Dictionary},
year = {2014},
url = {https://akawaio.webonary.org/},
keywords = {kapon}
}

@incollection{degoeje1946wayana,
location = {Amsterdam},
author = {de Goeje, Claudius Henricus},
booktitle = {Études linguistiques caribes},
pages = {100--238},
publisher = {Koninklijke Akademie van Wetenschappen te Amsterdam},
title = {Grammaire et vocabulaire de la langue Oayana 1937},
volume = {2},
year = {1946},
}

@phdthesis{swiggers2010gramatica,
title = {Gramática de Referencia del {Pemón}},
author = {Swiggers, Gisela},
year = {2010},
institution = {Universidad del Zulia},
keywords={pemon}
}

@mastersthesis{smoll2014katuena,
title = {Me: ɾuɾu, ɸoku and tʃitowiʃ},
subtitle = {An analysis of ideophones in {Katuena} ({Tunayana})},
author = {Smoll, Laetitia},
year = {2014},
institution = {University of Leiden},
keywords = {waiwai}
}

@book{smoll2015katuena,
  location    = {Saarbrücken},
  author     = {Smoll, Laetitia},
  publisher  = {LAP Lambert Academic Publishing},
  title      = {Ideophones in {Katuena} ({Tunayana})},
  subtitle={a {Cariban} language of the {Amazon} basin},
  year       = {2015},
}

@unpublished{hill1994waimiri,
title = {Phonological sketch of {Waimiri-Atroari} ({Cariban})},
author = {Hill, Joseph H. and Hill, Tamara E.},
year = {1994},
note = {\textsc{ms}},
keywords={waimiri}
}

@unpublished{schuring2018kaxuyana,
title = {Uma gramática morfossintática bâsica da língua {Katxuyana}},
author = {Schuring, Phillip Arthur},
note = {\textsc{ms}},
keywords={kaxui}
}

@book{koehn1995apalai,
location = {Brasilia},
author = {Koehn, Edward H. and Koehn, Sally S.},
publisher = {Sociedade Internacional de Lingüística},
title = {Vocabulário básico {Apalaí}-{Português}},
subtitle = {Dicionário da língua {Apalaí}},
year = {1995},
keywords = {apalai}
}

@incollection{franchetto2010ergativity,
title = {The ergativity effect in {Kuikuro} ({Southern} {Carib}, {Brazil})},
author = {Franchetto, Bruna},
pages = {121--158},
crossref = {gildea2010ergativity},
keywords = {uxc}
}

@mvbook{martius1867beitrage,
title = {Beiträge zur {Ethnographie} und {Sprachenkunde} {Amerika}'s zumal {Brasiliens}},
subtitle = {{Wörtersammlung} brasilianischer {Sprachen}},
author = {von Martius, Karl Friedrich Philipp},
volume = {1},
year = {1867},
publisher = {Fleischer},
location = {Leipzig}
}

@mvbook{martius1867beitrage2,
title = {Beiträge zur {Ethnographie} und {Sprachenkunde} {Amerika}'s zumal {Brasiliens}},
subtitle = {{Wörtersammlung} brasilianischer {Sprachen}},
author = {von Martius, Karl Friedrich Philipp},
volume = {2},
year = {1867},
publisher = {Fleischer},
location = {Leipzig}
}

@unpublished{gildea2016negation,
author = {Gildea, Spike and Meira, Sérgio},
title = {A Comparative survey of Verbal Negation in the {Cariban} Family},
note = {Talk held at Amazónicas VI},
year = {2016},
location = {Universidad Nacional de Colombia en Amazonia, Leticia}
}

@unpublished{franchetto2016classes,
author = {Franchetto, Bruna and Meira, Sérgio},
title = {A phonological hypothesis on the historical origin of {Kuikuro} and {Bakairi} verb classes},
note = {Talk held at Amazónicas VI},
year = {2016},
location = {Universidad Nacional de Colombia en Amazonia, Leticia}
}

@article{alvarez2008clausulas,
title = {Cláusulas relativas, nominalización y constituyentes en pemón (Caribe)},
author = {Álvarez, José},
journal = {Opción},
volume = {24},
number = {57},
pages = {114--143},
year = {2008},
keywords = {pemon}
}

@mastersthesis{desouza1988arara,
author = {de Souza, Isaac Costa},
institution = {Universidade Estadual de Campinas},
title = {Contribuição para a fonologia da língua {Arara} ({Karib})},
year = {1988},
keywords = {arara}
}

@article{matter2019arara,
title={The origin of split third person marking in {Arara} ({Cariban})},
author={Matter, Florian},
journal={Cadernos de Etnolingüística},
volume={8},
number={2},
year={2021},
pages={1--22},
keywords={article},
url={http://www.etnolinguistica.org/article:vol8n2-1}
}

@article{koehn1976historical,
title = {The historical tense in {Apalaí} narrative},
author = {Koehn, Edward H.},
journal = {International Journal of American Linguistics},
volume = {42},
number = {3},
pages = {243--252},
year = {1976},
keywords = {apalai}
}

@online{apalai1986bible,
author = {{Wycliffe Bible Translators}},
title = {{Ritonõpo Omiry}},
year = {1986},
url = {http://downloads.dbs.org/downloads/pdf/APYWBT/APYWBT.pdf},
urldate = {2019-11-09},
keywords={apalai}
}

@online{hixkaryana2012bible,
author = {{Wycliffe Bible Translators}},
title = {{Khoryenkom Karyehtanà}},
year = {2012},
url = {http://downloads.dbs.org/scriptures/pdf/HIXWBT/HIXWBT.pdf},
urldate = {2020-05-17},
keywords={hixka}
}

@book{basso1973kalapalo,
author = {Basso, Ellen B.},
title = {The {Kalapalo Indians} of central {Brazil}},
publisher = {Holt, Rinehart and Winston},
location = {New York},
year = {1973},
}

@book{schuster1976dekuana,
location = {München},
author = {Meinhard Schuster},
publisher = {Klaus Renner},
series = {Ergebnisse der {Frobenius-Expedition} 1954/55 nach {Südost-Venezuela}},
title = {Dekuana},
subtitle = {Beiträge zur {Ethnologie} der {Makiritare}},
volume = {3},
year = {1976},
}

@book{gillin1936barama,
location = {Cambridge},
author = {Gillin, John},
publisher = {Peabody Museum},
title = {The {Barama} river {Caribs} of {British Guiana}},
year = {1936},
}

@article{ohagan2019phylogenetic,
title = {Phylogenetic classification supports a {Northeastern} {Amazonian} {Proto-Tupí-Guaraní} homeland},
author = {O’Hagan, Zachary and Chousou-Polydouri, Natalia and Michael, Lev},
journal = {LIAMES: Línguas Indígenas Americanas},
volume = {19},
pages = {1--29},
year = {2019}
}

@article{alves2019arara,
title = {Termos de parentesco},
subtitle = {primeiras reconstruções em {Proto-Arara-Ikpeng}},
journaltitle = {Boletim do Museu Paraense Emílio Goeldi. Ciências Humanas},
author = {Ferreira-Alves, Ana Carolina and Chagas, Angela Fabíola Alves and Barbosa, Leonard Jéferson Grala},
volume = {14},
year = {2019},
pages = {101--119},
doi = {10.1590/1981.81222019000100007},
keywords = {arara, ikpeng}
}

@online{apalaibibleonline,
url = {https://www.bible.com/bible/865},
urldate = {2020-04-21},
title = {{Ritonõpo} {Omiry}},
author = {{Wycliffe Bible Translators}},
}

@book{bruno1996dictionary,
author = {Bruno, Ana Carla dos Santos},
title = {Dicionário {Waimiri Atroari / Português}},
year = {1996},
keywords = {waimiri}
}


@book{funai1996dictionary,
location = {Manaus},
publisher = {Programa {Waimirí-Atroari} / Conevênio {FUNAI}-Eletronorte},
title = {Dicionário Português Waimiri Atroari},
year = {1996},
keywords = {waimiri},
note={Versão preliminar (Circualação Interna)}
}

@book{derbyshire1965textos,
location = {Belém},
author = {Derbyshire, Desmond C.},
journal = {MPEG, Publicações Avulsas},
publisher = {MPEG},
series = {Publicações Avulsas},
title = {Textos {Hixkaryâna}},
volume = {3},
year = {1965},
keywords = {hixka}
}

@book{koehns1994textos,
title = {14 textos {Apalaí}},
author = {Koehn, Edward and Koehn, Sally},
year = {1994},
location = {Brasília},
publisher = {Summer Institute of Linguistics},
keywords = {apalai}
}

@article{camargo2008wayana,
author = {Eliane Camargo},
journal = {Campos},
number = {2},
pages = {105--137},
title = {Identidade e Alteridade em {Wayana}},
subtitle = {Uma contribuição linguística},
volume = {9},
year = {2008},
}

@book{camargo2010wayana,
year = {2010},
author = {Camargo, Eliane and Tapinkili, Anaiman},
location = {Paris},
publisher = {CELIA/DRAC-Guyane, TEKUREMAI},
title = {Hakëne omijau eitop Wajana-Palasisi / Dictionnaire bilingue Wayana-Français},
keywords = {wayana}
}

@article{meira2005bakairi,
author = {Meira, Sérgio},
journal = {Anthropological Linguistics},
number = {3},
pages = {261-291},
title = {Reconstructing Pre-{Bakairi} Segmental Phonology},
volume = {47},
year = {2005},
keywords = {bakairi}
}

@collection{overall2018nonverbal,
title = {Nonverbal predication in Amazonian languages},
editor = {Overall, Simon E. and Vallejos, Rosa and Gildea, Spike},
year = {2018},
publisher = {John Benjamins},
location = {Amsterdam},
}

@incollection{gildea2018reconstructing,
title = {Reconstructing the copula and nonverbal predicate constructions in Cariban},
author = {Gildea, Spike},
pages = {365--402},
crossref = {overall2018nonverbal}
}

@mastersthesis{jimenez2019dhekwana,
author = {Jiménez Velázquez, Zuleima Maryori},
institution = {Centro de Investigaciones y Estudios Superiores en Antropología Social},
title = {Los sistemas de alineamiento en dhe’kwana},
year = {2019},
keywords = {maqui},
}

@incollection{gildea2019overview,
author = {Gildea, Spike and Cáceres, Natalia},
year = {in preparation},
title = {The {Cariban} Language Family},
booktitle = { Amazonian Languages},
booksubtitle={An International Handbook},
editor = {Patience Epps and Lev Michael},
location = {Berlin},
publisher = {Mouton de Gruyter}
}

@article{sanchez2011relativizacion,
title={Estrategias de relativización en yukpa},
author={Sánchez, Ana Carolina and Guerreiro, Yandira},
year={2011},
journal={Synergies},
pages={235-247},
issue={Venezuela n° spécial},
keywords={yukpa}
}

@unpublished{largo2011yukpa,
title = {Una gramática {Yukpa}},
author = {Largo, Wilson S.},
year = {2011},
location = {Bogotá: Fundación para el Desarrollo de Pueblos Marginados},
note = {\textsc{ms}},
keywords = {yukpa}
}

@article{arandia2018syllable,
title = {Syllable Reduction in {Ye’kwana}},
subtitle = {Morphologized Phonology},
author = {Cáceres Arandia, Natalia},
journal = {International Journal of American Linguistics},
volume = {84},
number = {2},
pages = {159--205},
year = {2018},
keywords = {maqui}
}

@book{steinen1894natur,
location = {Cambridge},
series = {Cambridge Library Collection - Linguistics},
title = {Unter den {Naturvölkern} {Zentral}-{Brasiliens}},
subtitle = {{Reiseschilderung} und {Ergebnisse} der zweiten {Schingú}-expedition,
1887–1888},
publisher = {Cambridge University Press},
author = {Steinen, Karl von den},
year = {1894},
}

@incollection{sapien2021antipassive,
title = {Antipassive and semantic classes of verbs in the {Cariban} family},
booktitle={The Multifaceted Nature of Antipassive},
editor={Katarzyna Janic and Alena Witzlack-Makarevich},
author = {Racquel-María Sapién and Cáceres Arandia, Natalia and Spike Gildea and Sérgio Meira},
year = {2021},
location={Amsterdam},
publisher={John Benjamins},
}

@unpublished{gildea2018causativepairs,
title = {Historical Change in Causative Pairs in the {Cariban} Family},
author = {Gildea, Spike and Cáceres Arandia, Natalia},
note = {Talk held at SLE 2018},
location = {Tallinn},
year = {2018},
}

@article{mendez1959yawarana,
author = {Alberto Méndez-Arocha},
journal = {Antropológica},
pages = {65-84},
title = {Un vocabulario Yabarana con Apuntes Fonéticos},
volume = {7},
year = {1959},
keywords = {yawarana}
}

@article{koch1908hiana,
author = {Theodor Koch-Grünberg},
journal = {Anthropos},
pages = {83-124, 297-335, 952-982},
title = {Die {Hianákoto}-{Umáua}},
volume = {3},
year = {1908},
keywords={carijo}
}

@unpublished{gildea1994akuriyo,
title = {Akuriyó field notes},
year = {1994},
author = {Gildea, Spike},
keywords = {akuriyo}
}

@book{huber1992vocabulario,
location = {Santafé de Bogotá},
author = {Randall Q. Huber and Robert B. Reed},
editor = {Huber, Randall Q. and Robert B. Reed},
publisher = {ILV},
title = {Vocabulario Comparativo},
subtitle={Palabras Selectas de Lenguas Indígenas de Colombia},
year = {1992},
}

@book{salazar2012gramatica,
title = {Gramática didáctica de la lengua pemón},
author = {Gutiérrez, Mariano},
year = {2012},
publisher = {Universidad Catolica Andrés Bello},
location = {Caracas},
keywords = {pemon}
}

@phdthesis{lescure1981kalina,
author = {Renault-Lescure, Odile},
institution = {Université de la Sorbonne (Paris IV)},
title = {Evolution Lexicale du Galibi},
subtitle = {Langue Caribe du Guyane Française},
year = {1981},
keywords = {kalina}
}

@unpublished{alves2017wordlist,
author = {Alves, Ana Carolina Ferreira},
title = {{Arara} wordlist},
year = {2017},
note = {\textsc{ms}},
sorttitle={b}
}

@thesis{guerrero2016carijo,
title = {Estructura de la oración simple en {Karijona}},
subtitle = {Lengua {Caribe} de la {Amazonía} {Colombiana}},
year = {2016},
author = {Guerrero-Beltrán, David Felipe},
institution = {Universidad Nacional de Colombia},
keywords = {carijo},
type = {bathesis}
}

@mastersthesis{guerrero2019carijo,
title = {The Grammar of Space in {Karijona}, a {Cariban} language from {Northwest} {Amazonia}},
year = {2019},
author = {Guerrero Beltrán, David Felipe},
institution = {Universidad Nacional de Colombia},
keywords = {carijo},
}

@thesis{garcia2006diccionario,
title = {Diccionario piloto pemón-español},
author = {García Ferrer, Donaldo José},
year = {2006},
type = {bathesis},
institution = {Universidad del Zulia},
keywords = {pemon}
}

@book{prodoclin2014wonkinom,
title={Wonkinom mïran},
subtitle={livro de narrativas {Ikpeng}},
keywords={ikpeng},
author={{ProDoclin Ikpeng}},
editor={Chagas, Angela Fabíola Alves and Lemos Costa Ingrid},
year={2014},
location={Rio de Janeiro},
publisher={Museu do Índio}
}

@thesis{douglas2019formal,
title={A Formal and Semantic Reconstruction of {Cariban} Postpositions},
author={Douglas, Jordan A.G.},
year={2019},
institution={University of Oregon},
type={bathesis}
}

@article{robayo1989rame,
author = {Robayo Moreno, Camilo Alberto},
journal = {Amerindia},
pages = {189--199},
title = {“En faisant une rame”},
subtitle={texte carijona},
volume = {14},
year = {1989},
keywords={carijo}
}

@online{caceres2014elar,
author = {Cáceres Arandia, Natalia},
year={2014},
title={Documentation of {Ye'kwana} in the {Erebato} river in {Venezuela}},
location={London},
institution={SOAS, Endangered Languages Archive},
url={https://www.elararchive.org/dk0264},
keywords={maqui}
}


@collection{MPIkuikuro,
editor={{The Language Archive}},
title={Kuikuro Team},
note={Audio, Video, Text},
keywords={uxc}
}

@incollection{franchetto2002bodyparts,
title={Body parts terminology},
author={Franchetto, Bruna},
url={https://hdl.handle.net/1839/00-0000-0000-0001-37FE-0},
urldate={2020-01-14},
crossref={MPIkuikuro},
year={2002}
}

@incollection{franchetto1981lovers,
title={A desafortunate encounter between lovers},
author={Franchetto, Bruna},
url={https://hdl.handle.net/1839/00-0000-0000-0001-37FE-0},
urldate={2020-01-14},
crossref={MPIkuikuro},
year={1981}
}

@unpublished{gildea2015valency,
author={Gildea, Spike},
year={2015},
title={The evolution of valence categories in the {Cariban} family},
note={Paper presented at the Venezuelan Cariban Conference},
location={Lyon},
url={https://www.academia.edu/30561539/The_evolution_of_valence_categories_in_the_Cariban_family},
urldate={2020-10-02},
}

@unpublished{caceres2015absnom,
author = {Cáceres, Natalia},
year={2015},
title={Construcciones basadas en el nominalizador absolutivo *tjapô},
note={Paper presented at the Venezuelan Cariban Conference},
location={Lyon},
}

@online{matter_cariban_clld,
author = {Matter, Florian},
title = {Comparative {Cariban} Database},
url = {https://cariban.clld.org},
year = {2020},
keywords={software}
}

@online{caceres2022yawarana,
author = {Cáceres Arandia, Natalia},
year={2022},
title={Yawarana},
subtitle={documentation project collection},
location={Austin},
note={Under curation},
institution={University of Texas, Archive of the Indigenous Languages of Latin America},
url={https://ailla.utexas.org/islandora/object/ailla:254562},
urldate={2020-10-14}
}

@unpublished{caceres2017yawarana,
author = {Cáceres Arandia, Natalia and Gildea, Spike and Mattéi-Müller, Marie-Claude},
year={2017},
title={Loss of Inflection in {Yawarana} (Cariban)},
note={Paper presented at the International Conference on Historical Linguistics 23},
institution={University of Texas},
location={San Antonio}
}

@unpublished{caceres2018yawarana,
author = {Cáceres, Natalia and Gildea, Spike},
year={2018},
title={A first analysis of Tense-Aspect constructions in {Yawarana} ({Cariban})},
note={Paper presented at Amazónicas VI},
location={Baños, Colombia}
}

@online{dequeiroz2018hixka,
year={2018},
author={de Queiroz, Ruben Caixeta},
title={Hixkaryana},
url={https://pib.socioambiental.org/en/Povo:Hixkaryana},
note={Povos Indígenas no Brasil, Instituto Socioambiental},
urldate={2020-05-05},
}

@online{dovale2018waimiri,
year={2018},
author={Do Vale, Maria Carmen R.},
title={Waimiri Atroari},
url={https://pib.socioambiental.org/en/Povo:Waimiri_Atroari},
note={Povos Indígenas no Brasil, Instituto Socioambiental},
urldate={2020-05-05},
}

@online{troncarelli2018ikpeng,
year={2018},
author={Troncarelli, Maria Cristina and Menget, Patrick},
title={Ikpeng},
url={https://pib.socioambiental.org/en/Povo:Ikpeng},
note={Povos Indígenas no Brasil, Instituto Socioambiental},
urldate={2020-05-05},
}

@online{morgado2018wayana,
year={2018},
author={Morgado, Paula and Coutinho Barbosa, Gabriel},
title={Wayana},
url={https://pib.socioambiental.org/en/Povo:Wayana},
note={Povos Indígenas no Brasil, Instituto Socioambiental},
urldate={2020-05-05},
}

@online{pantaleoni2020pib,
year={2018},
editor={Pantaleoni Ricardo, Fany},
title={Povos Indígenas no Brasil, Instituto Socioambiental},
url={https://pib.socioambiental.org},
urldate={2020-05-05},
}

@online{barros2018bakairi,
year={2018},
author={de Barros, Edir Pina},
title={Bakairi},
url={https://pib.socioambiental.org/en/Povo:Bakairi},
note={Povos Indígenas no Brasil, Instituto Socioambiental},
urldate={2020-05-05},
}

@phdthesis{cunha2004macushi,
author = {Cunha, Carla Maria},
institution = {Universidade Estadual de Campinas},
title = {Um estudo de fonologia da língua {Makuxi} (karib)},
subtitle={inter-relações das teorias fonológicas},
year = {2004},
keywords={macushi}
}

@article{meira2000proto,
title={A reconstruction of {Proto-Taranoan}},
subtitle={phonology and morphology},
author={Meira, Sérgio},
year={2000},
publisher = {Lincom Europa},
location = {München},
}

@mastersthesis{desouza2010pettalk,
author = {de Souza, Isaac Costa},
institution = {University of North Dakota},
title = {A phonological description of “Pet Talk” in {Arara}},
year = {2010},
keywords={arara}
}

@article{wheatley1969bakairi,
author = {Wheatley, James},
journal = {Linguistics},
number = {47},
pages = {80--100},
title = {Bakairi verb structure},
volume = {47},
year = {1969},
keywords={bakairi}
}

@article{souza1994bakairi,
author = {Souza, Tânia Conceição Clemente de},
journal = {Revista Latinoamericana de Estudios Etnolingüísticos},
pages = {17-38},
title = {A sintaxe de uma língua ergativa},
subtitle={o {Bakairí}},
volume = {8},
year = {1994},
keywords={bakairi}
}

@phdthesis{souza1999bakairi,
institution={UNICAMP},
author = {Souza, Tânia Conceição Clemente de},
title = {Discurso e oralidade},
subtitle={um estudo em língua indígena},
year = {1999},
keywords={bakairi}
}

@article{chagas2019ikpeng,
title={Ikpeng},
subtitle={Puron Mïran / História do sapo},
author={Chagas, Angela Fabíola Alves and Txicão, Ayre and Txicão, Kay and Txicão, Maiua},
journal={Revista Linguíʃtica},
volume={15},
number={1},
pages={303--335},
year={2019},
keywords={ikpeng}
}

@book{pelleprat1655galibi,
location = {Paris},
author = {Pelleprat, Pierre},
publisher = {Cramoisy},
title = {Introduction a la langue des {Galibis}},
subtitle={sauuages de la terre ferme de l'{Amerique} Meridionale},
url = {http://hdl.handle.net/11858/00-001M-0000-0012-813E-0},
year = {1655},
keywords={kalina}
}

@book{mosonyi1978kalina,
location = {Caracas},
author = {Mosonyi, Jorge C.},
publisher = {UCAB},
title = {Diccionario básico del idioma {Cariña}},
year = {1978},
keywords={kalina}
}

@mastersthesis{macdonell1994macushi,
author = {MacDonell, Ronald Beaton},
institution = {Université Laval},
title = {La phonologie du {Makuxi}, langue caribe},
subtitle={une analyse fonctionnelle},
year = {1994},
keywords={macushi}
}

@mastersthesis{medina1997mapoyo,
author = {Medina, Francia},
institution = {Universidad Central de Venezuela},
title = {Introducción a la fonética y a la fonología {Mapoyo} ({Caribe})},
year = {1997},
keywords={mapoyo}
}

@book{price1984panare,
location = {Caracas},
author = {Price, Jana},
publisher = {UCAB},
title = {Estudio sobre el sistema de sonidos del idioma panare.},
year = {1984},
keywords={panare}
}

@article{cauty1977panare,
author = {Cauty, A.},
journal = {Amerindia},
pages = {85--103},
title = {An approach to the phonological and syllabic systems of the {Panare} language},
volume = {3},
year = {1978},
keywords={panare}
}

@article{hall1988enapa,
author = {Hall, Katherine and Villalón, María Eugenia},
journal = {Antropológica},
pages = {3--16},
title = {Una introducción a la fonología {E'ñapa}},
volume = {70},
year = {1988},
keywords={panare}
}

@book{gutierrez1968gramatica,
  address    = {Madrid},
  author     = {Gutiérrez, Mariano},
  publisher  = {Raycar},
  title      = {Gramática sucinta de la lengua pemón},
  year       = {1968},
  keywords={pemon}
}

@article{alvarez1996reduction,
  author     = {Álvarez, José},
  journal    = {Omnia},
  number     = {2},
  pages      = {39--74},
  title      = {Vocales caducas y sílabas temáticas en pemón taurepán},
  subitle={fonología o morfología},
  volume     = {2},
  year       = {1996},
  keywords={pemon}
}

@unpublished{alvarez2018kg,
title={Roroimü töpai Orinoko kuwak},
subtitle={El viaje de {Koch-Grünberg} en pemón: Presentación y análisis lingüístico},
author     = {Álvarez, José},
year={2018},
url={https://www.academia.edu/35836478/Roroimü_töpai_Orinoko_kuwak_El_viaje_de_Koch_Grünberg_en_pemón_Presentación_y_análisis_lingüístico},
urldate = {2020-05-18},
keywords={pemon}
}

@incollection{meira2006approaching,
  title={Approaching space in {Tiriyó} grammar},
author = {Meira, Sérgio},
  booktitle={Grammars of Space},
booksubtitle={Explorations in Cognitive Diversity},
  year={2006},
  publisher={Cambridge University Press},
  location={Cambridge},
  editor={Levinson, Stephen C. and Wilkins, David P.},
  pages={311--358},
  keywords={trio}
}

@incollection{meira2018demo,
  title={Tiriyó},
  subtitle={Non-contrastive Exophoric Uses of Demonstratives},
author = {Meira, Sérgio},
  booktitle={Demonstratives in Cross-Linguistic Perspective},
  pages={222--241},
  year={2018},
  publisher={Cambridge University Press},
  location={Cambridge},
  keywords={trio},
  editor={Levinson, Stephen C. and Cutfield, Sarah and Dunn, Michael J. and Enfield, Nick and Meira, Sérgio}
}

@article{migliazza1965trio,
  author     = {Migliazza, Ernesto C.},
  journal    = {Boletim do Museu Paraense Emílio Goeldi. Série Antropologia},
  pages      = {1--13},
  title      = {Notas fonológicas da língua {Tiriyó}},
  volume     = {29},
  year       = {1965},
  keywords={trio}
}

@book{letschert1998trio,
  location    = {Brasília, São Paulo},
  author     = {Letschert, Bento},
  publisher  = {MEC, Mari-NHII},
  title      = {Dicionário {Português}-{Tiriyó}},
  year       = {1998},
  keywords={trio}
  }
  
  
@book{koelewijn1984trio,
  location    = {Leusden},
  author     = {Koelewijn, Cees},
  publisher  = {Algemeen Diakonaal Bureau},
  title      = {Tarëno tamu inponopï panpira},
  volume={1},
  year       = {1984},
}

@collection{grimes1972languages,
  title={Languages of the {Guianas}},
  author={Grimes, Joseph Evans},
  year={1972},
  publisher={Summer Institute of Linguistics of the University of Oklahoma},
  location={Norman}
}

@incollection{jones1972trio,
crossref={grimes1972languages},
author={Jones, Morgan W.},
title={Trio phonology},
pages={42--46}
}

@incollection{franchetto1991phonology,
  location    = {Rio de Janeiro},
  author     = {Franchetto, Bruna},
  booktitle  = {Fonética e fonologia},
  booksubtitle={Panorama fonológico de algumas línguas do mundo},
  editor     = {Menezes, H. Peixoto and de M. Mollica, M. Cecília},
  publisher  = {UFRJ, Faculdade de Letras},
  pages={69--71},
  title      = {Kuikuro},
  subtitle={fonologia},
  year       = {1991},
  keywords={uxc},
}


@incollection{franchetto1995phonology,
  location    = {Rio de Janeiro},
  author     = {Franchetto, Bruna},
  booktitle  = {Estudos fonológicos das línguas indígenas brasileiras},
  editor     = {Leo Wetzels},
  pages      = {53--83},
  publisher  = {Universidade Federal do Rio de Janeiro Editora},
  title      = {Processos fonológicos en {Kuikúro}},
  subtitle={uma visão auto-segmental},
  year       = {1995},
}

@book{hawkins1952phonology,
  location    = {São Paulo},
  author     = {Hawkins, W. Neill},
  publisher  = {Universidade de São Paulo},
  title      = {A fonología da língua Uaiuái},
note={Boletim da Facultade de Filosofia, Ciências e Letras 157: Etnografía e Tupí-Guaraní 25},  
  year       = {1952},
  keywords={waiwai},
}

@article{hawkins1953waiwai,
  author     = {Hawkins, W. Neill and Hawkins, Robert E.},
  journal    = {International Journal of American Linguistics},
  pages      = {201--211},
  title      = {Verb inflection in {Waiwai} ({Carib})},
  volume     = {19},
  number={3},
  year       = {1953},
  keywords={waiwai},
}

@book{hawkins1962waiwai,
  location    = {Rio de Janeiro},
  author     = {Hawkins, W. Neill},
  pages      = {31},
  publisher  = {Universidade de Brasília, Museu Nacional},
  series     = {Publicações Avulsas},
  title      = {A morfologia do substantivo na língua {Uaiuai}},
  volume     = {21},
  year       = {1962},
  keywords={waiwai}
}

@book{vitorino1991waiwai,
  location    = {Boa Vista},
  author     = {Vitorino, Marinalva M.},
  publisher  = {Missão Evangélica da Amazônia},
  title      = {Dicionário bilíngüe {Wai-Wai}/{Português}, {Português}/{Wai-Wai}},
  year       = {1991},
  keywords={waiwai}
}

@book{coudreau1892vocab,
  author     = {Henri Coudreau},
  publisher  = {Maisonneuve},
  location={Paris},
  series     = {Bibliothèque Linguistique Américaine},
  title      = {Vocabulaires Méthodiques des Langues {Ouayana}, {Aparaï}, {Oyampi}, {Émérillon}},
  volume     = {XV},
  year       = {1892},
  keywords={wayana}
}

@article{camargo1996wayana,
  author     = {Camargo, Eliane},
  journal    = {Amerindia},
  pages      = {115--136},
  title      = {Aspects de la phonologie du wayana},
  volume     = {21},
  year       = {1996},
  keywords={wayana}
}

@article{camargo1999appartenance,
  author     = {Camargo, Eliane},
  journal    = {La Linguistique},
  number     = {1},
  pages      = {97--112},
  title      = {La relation d'appartenance en wayana},
  volume     = {35},
  year       = {1999},
  keywords={wayana}
}

@article{camargo2001chants,
  author     = {Camargo, Eliane and Rivière, Hervé},
  journal    = {Amerindia},
  number     = {27},
  pages      = {87--122},
  title      = {Trois chants de guerre wayana},
  volume     = {26},
  year       = {2001},
  keywords={wayana}
}

@book{camargo2020wayana,
title={{Wajana} Omi Jatëku / {Wayana} au cœur des mots},
author = {Camargo, Eliane and Tapinkili, Anaiman},
location = {Paris},
publisher = {CTHS},
keywords = {wayana},
year={2020}
}

@article{hurley1932kaxui,
  author     = {Hurley, Jorge},
  journal    = {Revista do Instituto Historico e Geographico do Pará},
  pages      = {229--235},
  title      = {Vocabularios dos aborigenes dos rios {Trombetas}, {Cachorro} e {Jacycury}},
  volume     = {7},
  year       = {1932},
  keywords={kaxui}
}

@article{paula1970kaxui,
  author     = {Paula, Ruth Wallace de Garcia},
  journal    = {Boletim do Museu Paraense Emílio Goeldi - Antropologia},
  pages      = {1--20},
  title      = {Notas fonológicas da língua {Kaxuyâna}},
  volume     = {43},
  year       = {1970},
  keywords={kaxui}
}

@book{paula1980kaxui,
  location    = {Rio de Janeiro},
  author     = {Paula, Ruth Wallace de Garcia},
  journal    = {Publicações Avulsas 63, Lingüística},
  publisher  = {Museu Nacional},
  series     = {Publicações Avulsas 63: Lingüística},
  title      = {Língua {Kaxuyána}},
  subitle={fonología segmental e afixos nominais},
  volume     = {9},
  year       = {1980},
  keywords={kaxui}
}

@article{escoriaza1959maqui,
  author     = {de Escoriaza, Damián},
  journal    = {Antropológica},
  pages      = {7--46},
  title      = {Datos lingüisticos de la lengua {Makiritare}},
  volume     = {6},
  year       = {1959},
  keywords={maqui}
}

@article{escoriaza1960maqui,
  author     = {de Escoriaza, Damián},
  journal    = {Antropológica},
  pages      = {61--70},
  title      = {Algunos datos linguisticos mas sobre la lengua {Makiritare}},
  volume     = {7},
  year       = {1960},
  keywords={maqui}
}

@article{schomburgk1850maqui,
  author     = {Schomburgk, Robert},
  journal    = {Proceedings of the Philological Society},
  number     = {92},
  pages      = {217--223},
  title      = {A vocabulary of the {Maiongkong} language},
  volume     = {IV},
  year       = {1850},
  keywords={maqui}
}

@article{reichel1945yukpa,
  author     = {Reichel-Dolmatoff, Gerardo},
  journal    = {Revista del Instituto Etnológico Nacional},
  number     = {1},
  pages      = {15--115},
  title      = {Los indios motilones},
  subtitle={etnografía y lingüística},
  volume     = {2},
  year       = {1945},
keywords={yukpa}
}

@article{hanes1952yukpa,
  author     = {Hanes, L.C.},
  journal    = {International Journal of American Linguistics},
  number     = {3},
  pages      = {146--149},
  title      = {Phonemes of {Motilone} ({Carib})},
  volume     = {39},
  year       = {1952},
  keywords={yukpa}
}

@phdthesis{yamada2010speech,
  title={Speech community-based documentation, description, and revitalization},
  subtitle={{Kari'nja} in {Konomerume}},
  author={Yamada, Racquel-María},
  year={2010},
  institution={University of Oregon},
  keywords={kalina}
}

@unpublished{matter2021linking,
title = {“Linking” morphology in {Tupían}, {Cariban}, and {Macro-Jê} languages},
author = {Matter, Florian and van Gijn, Rik},
year = {2021},
note={\textsc{ms}},
keywords = {unpublished},
}

@article{villalon2007consonants,
  title={Una caracterización del sistema consonántico de la lengua mapoyo y propuesta para un alfabeto práctico},
  author={Villalón, María Eugenia},
  year={2007},
  journaltitle={Antropológica},
  number={107-108},
  pages={41--70}
}

@article{granadillo2019mapoyo,
  author     = {Tania Granadillo},
  journal    = {Cadernos de Etnolingüística},
  number     = {1},
  pages      = {43--55},
  title      = {El mapoyo y la rama venezolana de lenguas caribes},
  volume     = {7},
  year       = {2019},
}

@incollection{hoff1995kalinago,
  title={Language contact, war, and {Amerindian} historical tradition},
  subtitle={The special case of the {Island} {Carib}},
  author={Hoff, Berend J.},
  booktitle={Wolves from the sea},
  pages={37--60},
  year={1995},
  editor={Whitehead, Neil L.},
  location={Leiden},
  publisher={KITLV Press}
}

@unpublished{meira2015classification,
title={A character-based internal classification of the Cariban language family},
author={Meira, Sérgio and Birchall, Joshua and Chousou-Polydouri, Natalia},
note = {Talk held at SLE 2015},
location = {Leiden},
year = {2015},
}

@dataset{matter2021swadesh1,
  author       = {Florian Matter},
  title        = {Modified Swadesh-100 list of 23 Cariban languages},
  month        = jan,
  year         = 2021,
  publisher    = {Zenodo},
  version      = {v0.1},
  doi          = {10.5281/zenodo.4438189},
  url          = {https://doi.org/10.5281/zenodo.4438189},
  keywords={dataset}
}

@book{malekowa1999karina,
author={Maleko'wa, Charles and Courtz, Henk},
title={Kari'na nekarity'san},
year={1999},
publisher={Instituut voor Taalwetenschap},
location={Paramaribo},
keywords={kalina}
}

@incollection{seiler2017yawarana,
location={Caracas},
author={Seiler-Baldinger, Annemarie and Mattéi-Müller, Marie-Claude},
booktitle={Los aborígenes de Venezuela V},
editor={Perera, Miguel Ángel and Rivas, Pedro},
pages={127-209},
title={Los Yawarana (Yabarana)},
year={2017},
keywords={yawarana}
}

@bathesis{colinaamaro1991yabarana,
location={Caracas},
author={Colina Amaro, Angel Arturo},
institution={Universidad Central de Venezuela},
title={Descripción del idioma yabarana},
year={1991},
}

@incollection{kg1928yauarana,
location={Stuttgart},
author={Theodor Koch-Grünberg},
booktitle={Sprachen},
pages={233-245},
title={Yauarána},
year={1928},
keywords={yawarana}
}

@phdthesis{giordani1996yawarana,
author={Giordani, Lourdes},
institution={University of Wisconsin},
subtitle={A study of ethnic identity, oral history, and socio cultural change among the {Yabarana} Indians of {Venezuela}},
title={Imagining who we were, believing who we were},
year={1996},
}

@phdthesis{matter2021cariban,
title={Diachronic and typological aspects of {Cariban} verbal argument marking},
year={2021},
institution={University of Bern},
author={Matter, Florian}
}

@unpublished{caceres2017ergative,
title={Obsolescencia de un sistema innovado},
subtitle={marcación opcional ergativa en yabarana (caribe)},
author = {Cáceres Arandia, Natalia},
year={2017},
note = {Paper presented at the Conference on Indigenous Languages of {Latin America} VIII},
location={Austin},
institution = {University of Texas},
keywords={yawarana}
}

@unpublished{muller2021yawarana,
title={Yawarana dictionary},
author = {Mattéi-Müller, Marie-Claude and Cáceres Arandia, Natalia},
note={Flex project with 3583 lexical entries. Database in the author's possession.},
year={2023},
}

@unpublished{perez2019himno,
	Author = {Pérez, Ana and Fontana, Ana and Pérez, Pablo and Mattéi-Müller, Marie-Claude and Cáceres Arandia, Natalia and Conde, Olga},
	Note = {\textsc{ms}},
	Title = {Traducción del himno de {Venezuela} en yabarana},
	Year = {2019}}

@unpublished{caceres2019calendario,
	Author = {Cáceres Arandia, Natalia and Conde, Olga},
	Note = {\textsc{ms}},
	Title = {Calendario 2020 para practicar yabarana},
	Year = {2019}}

@unpublished{caceres2016ortografia,
	Author = {Cáceres Arandia, Natalia},
	Note = {\textsc{ms}},
	Title = {Propuesta de ortografía yabarana},
	Year = {2016}}

@unpublished{caceres2016cuentos,
	Author = {Cáceres Arandia, Natalia},
	Note = {\textsc{ms}},
	Title = {Colección de seis cuentos en yabarana},
	Year = {2016}}

@unpublished{caceres2017guia,
	Author = {Cáceres Arandia, Natalia},
	Note = {\textsc{ms}},
	Title = {Guía básica para apoyar y fomentar la comunicación oral en yabarana},
	Year = {2017}}

@unpublished{caceres2020flex,
title={Yawarana {FLEx} project with partially parsed and glossed texts and corresponding morpheme lexicon from {Natalia} {Cáceres} {Arandia}'s own fieldwork},
author={Cáceres Arandia, Natalia},
year={2022},
note={Database in the author's possession.},
}

@incollection{hoff1978order,
  location    = {Lesse},
author = {Hoff, Berend J.},
  booktitle  = {Studies on Fronting},
  editor     = {Jansen, Frank},
  pages      = {11--28},
  publisher  = {Peter de Redder},
  title      = {The relative order of the {Carib} finite verb and its nominal dependents},
  year       = {1978},
}

@online{hixka2012bible,
author = {{Wycliffe Bible Translators}},
title = {{Khoryenkom Karyehtanà}},
year = {2012},
url = {http://downloads.dbs.org/scriptures/pdf/HIXWBT/HIXWBT.pdf},
urldate = {2020-05-17},
keywords={hixka}
}

@article{mattiola2020pluractional,
title={The pluractional marker -pödï of {Akawaio} ({Cariban}) and beyond},
author={Mattiola, Simone and Gildea, Spike},
note={\textsc{ms}},
year={under review},
keywords={kapon}
}

@online{matter2022uniparser,
author = {Matter, Florian},
doi = {10.5281/zenodo.6510180},
url= {https://doi.org/10.5281/zenodo.6510180},
license = {Apache-2.0},
title = {{uniparser-yawarana}},
year = {2022}
}

@online{yawaranagrammar,
  author    = {Florian Matter and Natalia Cáceres Arandia and Spike Gildea},
  title     = {A digital sketch grammar of Yawarana (v0.0.3.draft2)},
  url       = {http://yawarana-sketch.herokuapp.com/},
  year      = {2022}
}

@phdthesis{pinto2022bakairi,
title={A Grammar of the {Bakairi} Language},
author={Pinto De Faria Junior, Geraldo},
institution={Vrije Universiteit Amsterdam},
year={2022},
keywords={bakairi}
}

@unpublished{perez2023rescate,
title = {Iniciativa colectiva de rescate del yabarana (lengua {Caribe}) en un centro urbano},
author = {Conde Pérez, Olga and de Bolívar, María Fernanda},
year = {2023},
note = {Paper presented at the “Simposio de activismo lingüístico”, Amazonicas IX},
location = {Bogotá},
}

@online{costa2023yekwana,
title={Dicionário Ye'kwana},
author={Coutinho Costa, Isabella and Costa da Silva, Marcelo and Magalhães Rodrigues, Edmilson},
url={https://japiim.museudoindio.gov.br/dic/yekwana/index.php},
urldate={01-07-2023},
publisher={ProDoclin, Museu do Índio},
year={2023}
}

@online{meira2023taure,
title={Dicionário Taurepang},
author={Meira, Sérgio and Ferreira Alves, Ana Carolina and Gomes da Silva, Ana Paula and Alves Gonçalves, Aurélio and Alves Ferreira, Daniel and Franco Peres, Isaque and Flores Franco, Diene and Flores Neto, Mário and Flores, Kênia and Gomes, Eliomar and Flores, Marivel and Flores, Floriano},
url={https://japiim.museudoindio.gov.br/dic/taurepang/index.php},
urldate={01-07-2023},
publisher={ProDoclin, Museu do Índio},
year={2023}
}

@dataset{meiraDBtauli,
author={Meira, Sérgio},
title={Taulipang (Pemon) Shoebox database with parsed and glossed texts and corresponding morpheme lexicon},
year={2022}
}
@dataset{meiraDBchayma,
author={Meira, Sérgio},
title={Chayma Shoebox database with parsed and glossed texts and corresponding morpheme lexicon},
year={2022}
}
@dataset{meiraDBingariko,
author={Meira, Sérgio},
title={Ingarikó Shoebox database with parsed and glossed texts and corresponding morpheme lexicon},
year={2022}
}
@dataset{meiraDBakawaio,
author={Meira, Sérgio},
title={Akawaio Shoebox database with parsed and glossed texts and corresponding morpheme lexicon},
year={2022}
}
@dataset{meiraDBtyrewuju,
author={Meira, Sérgio},
title={Tyrewuju Shoebox database with parsed and glossed texts and corresponding morpheme lexicon},
year={2022}
}
@dataset{meiraDBmurato,
author={Meira, Sérgio},
title={Murato Shoebox database with parsed and glossed texts and corresponding morpheme lexicon},
year={2022}
}
@dataset{meiraDBtabajari,
author={Meira, Sérgio},
title={Tabajari Shoebox database with parsed and glossed texts and corresponding morpheme lexicon},
year={2022}
}
@dataset{meiraDBapalai,
author={Meira, Sérgio},
title={Apalaí Shoebox database with parsed and glossed texts and corresponding morpheme lexicon},
year={2022}
}
@dataset{meiraDBtrio,
author={Meira, Sérgio},
title={Tiriyó Shoebox database with parsed and glossed texts and corresponding morpheme lexicon},
year={2022}
}
@dataset{meiraDBmapoyo,
author={Meira, Sérgio},
title={Mapoyo Shoebox database with parsed and glossed texts and corresponding morpheme lexicon},
year={2022}
}
@dataset{meiraDBhixka,
author={Meira, Sérgio},
title={Hixkaryána Shoebox database with parsed and glossed texts and corresponding morpheme lexicon},
year={2022}
}
@dataset{meiraDBpanare,
author={Meira, Sérgio},
title={Panare Shoebox database with parsed and glossed texts and corresponding morpheme lexicon},
year={2022}
}
@dataset{meiraDBmacushi,
author={Meira, Sérgio},
title={Macushi Shoebox database with parsed and glossed texts and corresponding morpheme lexicon},
year={2022}
}
@dataset{meiraDBwaimiri,
author={Meira, Sérgio},
title={Waimiri-Atroari Shoebox database with parsed and glossed texts and corresponding morpheme lexicon},
year={2022}
}
@dataset{meiraDBmaqui,
author={Meira, Sérgio},
title={Ye'kwana Shoebox database with parsed and glossed texts and corresponding morpheme lexicon},
year={2022}
}
@dataset{meiraDBwaiwai,
author={Meira, Sérgio},
title={Waiwai Shoebox database with parsed and glossed texts and corresponding morpheme lexicon},
year={2022}
}
@dataset{meiraDBwayana,
author={Meira, Sérgio},
title={Wayana Shoebox database with parsed and glossed texts and corresponding morpheme lexicon},
year={2022}
}
@dataset{meiraDBikpeng,
author={Meira, Sérgio},
title={Ikpeng Shoebox database with parsed and glossed texts and corresponding morpheme lexicon},
year={2022}
}
@dataset{meiraDBkuikuro,
author={Meira, Sérgio},
title={Kuikuro Shoebox database with parsed and glossed texts and corresponding morpheme lexicon},
year={2022}
}
@dataset{meiraDBarara,
author={Meira, Sérgio},
title={Arara Shoebox database with parsed and glossed texts and corresponding morpheme lexicon},
year={2022}
}
@dataset{meiraDBpemon,
author={Meira, Sérgio},
title={Pemón Shoebox database with parsed and glossed texts and corresponding morpheme lexicon},
year={2022}
}
@dataset{meiraDByukpa,
author={Meira, Sérgio},
title={Yukpa Shoebox database with parsed and glossed texts and corresponding morpheme lexicon},
year={2022}
}
@dataset{meiraDBcarijo,
author={Meira, Sérgio},
title={Karijona Shoebox database with parsed and glossed texts and corresponding morpheme lexicon},
year={2022}
}
@dataset{meiraDBtamanaku,
author={Meira, Sérgio},
title={Tamanaku Shoebox database with parsed and glossed texts and corresponding morpheme lexicon},
year={2022}
}
@dataset{meiraDBkaxui,
author={Meira, Sérgio},
title={Werikyana Shoebox database with parsed and glossed texts and corresponding morpheme lexicon},
year={2022}
}
@dataset{meiraDBakuriyo,
author={Meira, Sérgio},
title={Akuriyó Shoebox database with parsed and glossed texts and corresponding morpheme lexicon},
year={2022}
}
@dataset{meiraDBpiment,
author={Meira, Sérgio},
title={Pimenteira Shoebox database with parsed and glossed texts and corresponding morpheme lexicon},
year={2022}
}
@dataset{meiraDBebakairi,
author={Meira, Sérgio},
title={Eastern Bakairi Shoebox database with parsed and glossed texts and corresponding morpheme lexicon},
year={2022}
}
@dataset{meiraDBwbakairi,
author={Meira, Sérgio},
title={Western Bakairi Shoebox database with parsed and glossed texts and corresponding morpheme lexicon},
year={2022}
}
@dataset{meiraDBaretyry,
author={Meira, Sérgio},
title={Aretyry (Kari'na) Shoebox database with parsed and glossed texts and corresponding morpheme lexicon},
year={2022}
}
@dataset{meiraDByawarana,
author={Meira, Sérgio},
title={Yawarana Shoebox database with parsed and glossed texts and corresponding morpheme lexicon},
year={2022}
}