@collection{stolz2012irregularity,
editor = {Thomas Stolz and Hitomi Otsuka and Aina Urdze and Johan van der Auwera},
doi = {10.1524/9783050059587},
title = {Irregularity in Morphology (and beyond)},
year = {2012},
publisher = {Akademie Verlag},
location={Berlin},
}

@incollection{stolz2012introduction,
title = {Introduction},
subtitle = {Irregularity -- glimpses of a ubiquitous phenomenon},
author = {Thomas Stolz and Aina Urdze and Johan van der Auwera},
crossref = {stolz2012irregularity},
pages = {7--38}
}

@book{haspelmath2010understanding,
author = {Haspelmath, Martin and Sims, Andrea},
edition = {2},
location = {London},
publisher = {Hodder Education},
title = {Understanding morphology},
year = {2010},
}

@article{phytools2012,
    title = {phytools},
    subtitle={An {R} package for phylogenetic comparative biology (and other things)},
    author = {Revell, Liam J.},
    journal = {Methods in Ecology and Evolution},
    year = {2012},
    volume = {3},
    pages = {217-223},
  }
