@phdthesis{akawaiocaesar2003,
    author = "Caesar-Fox, Desrey Clementine",
    keywords = "kapon,grammar",
    school = "Rice University",
    title = "Zauro'nödok Agawayo Yau: Variants of Akawaio spoken at Waramadong",
    year = "2003"
}

@article{alvarez2000construcciones,
    author = "Álvarez, José",
    journal = "Opción",
    keywords = "pemon",
    number = "32",
    pages = "96–130",
    title = "Construcciones progresivas en pemón y otras lenguas caribes",
    year = "2000"
}

@article{alvarez2008clausulas,
    author = "Álvarez, José",
    journal = "Opción",
    keywords = "pemon",
    number = "57",
    pages = "114–143",
    title = "Cláusulas relativas, nominalización y constituyentes en pemón (Caribe)",
    volume = "24",
    year = "2008"
}

@phdthesis{alves2013verbo,
    author = "Alves Chagas, Angela Fabíola",
    keywords = "ikpeng,verb",
    school = "Universidade Estadual de Campinas",
    title = "O Verbo Ikpeng: estudo morfossintático e semântico-lexical",
    year = "2013"
}

@phdthesis{alves2017arara,
    author = "Alves, Ana Carolina Ferreira",
    keywords = "arara",
    school = "Universidade de São Paulo",
    title = "Morfofonologia, morfossintaxe e o sistema de tempo, aspecto e modo em Arara (Karib)",
    year = "2017"
}

@book{bruno1996dictionary,
    author = "Bruno, Ana Carla dos Santos",
    address = "Manaus",
    keywords = "waimiri",
    publisher = "Programa {Waimirí-Atroari} / Conevênio {FUNAI}-Eletronorte",
    title = "Dicionário Waimiri-Atroari-Português",
    year = "1996"
}

@unpublished{caceres2018yawarana,
    author = "Cáceres, Natalia and Gildea, Spike",
    address = "Baños, Colombia",
    note = "Paper presented at Amazónicas VI",
    title = "A first analysis of Tense-Aspect constructions in Yawarana (Cariban)",
    year = "2018"
}

@book{camargo2002lexico,
    author = "Camargo, Eliane",
    address = "München",
    keywords = "apalai",
    publisher = "Lincom Europa",
    title = "Léxico bilingüe: aparai-português / português-aparai",
    year = "2002"
}

@book{camargo2010wayana,
    author = "Camargo, Eliane and Tapinkili, Anaiman",
    address = "Paris",
    keywords = "wayana",
    publisher = "CELIA/DRAC-Guyane, TEKUREMAI",
    title = "Hakëne omijau eitop Wajana-Palasisi / Dictionnaire bilingue Wayana-Français",
    year = "2010"
}

@mastersthesis{campetela1997analise,
    author = "Campetela, Cilene",
    keywords = "ikpeng",
    school = "Universidade Estadual de Campinas",
    title = "Análise do sistema de marcação de caso nas orações independentes da língua Ikpeng",
    year = "1997"
}

@article{chagas2019ikpeng,
    author = "Chagas, Angela Fabiola Alves and Txicão, Ayre and Txicão, Kay and Txicão, Maiua",
    journal = "Revista Linguíʃtica",
    keywords = "ikpeng",
    number = "1",
    pages = "303–335",
    title = "Ikpeng: Puron Mïran / História do sapo",
    volume = "15",
    year = "2019"
}

@book{courtz2008carib,
    author = "Courtz, Henk",
    address = "Toronto",
    keywords = "kalina,grammar",
    publisher = "Magoria Books",
    title = "A Carib grammar and dictionary",
    year = "2008"
}

@phdthesis{cruz2005fonologia,
    author = "Cruz, Maria Odileiz Sousa",
    keywords = "kapon,grammar",
    school = "Vrije Universiteit Amsterdam",
    title = "Fonologia e gramática Ingarikó: Kaʔpon-Brasil",
    year = "2005"
}

@book{derbyshire1965textos,
    author = "Derbyshire, Desmond C.",
    address = "Belém",
    journal = "MPEG, Publicações Avulsas",
    keywords = "hixka",
    publisher = "MPEG",
    series = "Publicações Avulsas",
    title = "Textos Hixkaryâna",
    volume = "3",
    year = "1965"
}

@mastersthesis{desouza2010arara,
    author = "de Souza, Shirley Dias Cardoso",
    keywords = "arara",
    school = "University of North Dakota",
    title = "The morphology of nouns in the Ugoroŋmo language (Arara of Pará)",
    year = "2010"
}

@incollection{franchetto2002kuikuro,
    author = "Franchetto, Bruna",
    editor = "Queixalós, Francesc",
    address = "Brasília, Paris",
    keywords = "uxc",
    publisher = "Laboratório de Línguas Indígenas, Centre d'études des langues indigènes d'Amérique",
    title = "Kuikuro: uma língua ergativa no ramo meridional da família Karib (Alto Xingu)",
    volume = "1",
    year = "2002"
}

@article{franchetto2008absolutivo,
    author = "Franchetto, Bruna",
    journal = "Amerindia",
    number = "32",
    pages = "37–56",
    title = "Absolutivo e ergativo pensados a partir do Kuikuro",
    year = "2008"
}

@mastersthesis{garcia2006diccionario,
    author = "García Ferrer, Donaldo José",
    keywords = "pemon",
    school = "Universidad del Zulia",
    title = "Diccionario piloto pemón-español",
    type = "bathesis",
    year = "2006"
}

@unpublished{gildea1994akuriyo,
    author = "Gildea, Spike",
    keywords = "akuriyo",
    title = "Akuriyó field notes",
    year = "1994"
}

@mastersthesis{guerrero2016carijo,
    author = "Guerrero-Beltrán, David Felipe",
    keywords = "carijo",
    school = "Universidad Nacional de Colombia",
    title = "Estructura de la oración simple en Karijona: Lengua Caribe de la Amazonía Colombiana",
    type = "bathesis",
    year = "2016"
}

@unpublished{guerrero2016karihona,
    author = "Guerrero-Beltrán, David Felipe",
    keywords = "carijo",
    note = "Paper presented at the Language and Culture Research Centre, James Cook University",
    title = "The alignment and person-marking system in Karijona (Cariban, Northwest Amazonia)",
    year = "2016"
}

@mastersthesis{guerrero2019carijo,
    author = "Guerrero Beltrán, David Felipe",
    keywords = "carijo",
    school = "Universidad Nacional de Colombia",
    title = "The Grammar of Space in Karijona, a Cariban language from Northwest Amazonia",
    year = "2019"
}

@article{hawkins1953waiwai,
    author = "Hawkins, W. Neill and Hawkins, Robert E.",
    journal = "International Journal of American Linguistics",
    keywords = "waiwai",
    number = "3",
    pages = "201–211",
    title = "Verb inflection in Waiwai (Carib)",
    volume = "19",
    year = "1953"
}

@book{hixkaryanaderby1979,
    author = "Derbyshire, Desmond C.",
    address = "Amsterdam",
    keywords = "hixka,grammar",
    publisher = "North-Holland",
    series = "Lingua Descriptive Studies",
    title = "Hixkaryana",
    volume = "1",
    year = "1979"
}

@book{hixkaryanaderby1985,
    author = "Derbyshire, Desmond C.",
    address = "Dallas",
    keywords = "hixka,grammar",
    publisher = "Summer Institute of Linguistics",
    title = "Hixkaryana and Linguistic Typology",
    year = "1985"
}

@book{hoff1968carib,
    author = "Hoff, Berend J.",
    address = "The Hague",
    keywords = "kalina",
    publisher = "Martinus Nijhoff",
    series = "Verhandelingen van het Koninklijk instituut voor taal-, land- en volkenkunde",
    title = "The Carib Language: Phonology, Morphophonology, Morphology, Texts and Word Index",
    volume = "55",
    year = "1968"
}

@phdthesis{howard2001wrought,
    author = "Howard, Catherine V.",
    keywords = "hixka,waiwai",
    school = "University of Chicago",
    title = "Wrought Identities: The Waiwai expeditions in search of the “unseen tribes” of Northern Amazonia",
    year = "2001"
}

@mastersthesis{ikpengpacheco1997,
    author = "Pachêco, Frantomé B.",
    keywords = "ikpeng,grammar",
    school = "Universidade Estadual de Campinas",
    title = "Aspectos da gramática Ikpeng (Karíb)",
    year = "1997"
}

@phdthesis{ikpengpacheco2001,
    author = "Pachêco, Frantomé B.",
    keywords = "ikpeng,grammar",
    school = "Universidade Estadual de Campinas",
    title = "Morfossintaxe do verbo Ikpeng (Karíb)",
    year = "2001"
}

@article{koch1908hiana,
    author = "Koch-Grünberg, Theodor",
    journal = "Anthropos",
    keywords = "carijo",
    pages = "83–124,297–335,952–982",
    title = "Die Hianákoto-Umáua",
    volume = "3",
    year = "1908"
}

@incollection{koehn1986apalai,
    author = "Koehn, Edward and Koehn, Sally",
    editor = "Derbyshire, Desmond C. and Pullum, Geoffrey K.",
    address = "Berlin/New York",
    keywords = "apalai,grammar",
    pages = "33–127",
    publisher = "Mouton de Gruyter",
    title = "Apalai",
    volume = "1",
    year = "1986"
}

@book{koehns1994textos,
    author = "Koehn, Edward and Koehn, Sally",
    address = "Brasília",
    keywords = "apalai",
    publisher = "Summer Institute of Linguistics",
    title = "14 textos Apalaí",
    year = "1994"
}

@unpublished{largo2011yukpa,
    author = "Largo, Wilson S.",
    address = "Bogotá: Fundación para el Desarrollo de Pueblos Marginados",
    howpublished = "Manuscript",
    keywords = "yukpa",
    title = "Una gramática Yukpa",
    year = "2011"
}

@incollection{macushiabbott1991,
    author = "Abbott, Miriam",
    editor = "Derbyshire, Desmond C. and Pullum, Geoffrey K.",
    address = "Berlin/New York",
    keywords = "macushi,grammar",
    pages = "23–160",
    publisher = "Mouton de Gruyter",
    title = "Macushi",
    volume = "3",
    year = "1991"
}

@phdthesis{maquiritaricaceres2011,
    author = "Cáceres, Natalia",
    keywords = "maqui,grammar",
    school = "Université Lumière Lyon 2",
    title = "Grammaire fonctionnelle-typologique du ye'kwana, langue caribe du Venezuela",
    year = "2011"
}

@book{mattei1994diccionario,
    author = "Mattéi-Müller, Marie-Claude",
    address = "Caracas",
    keywords = "panare,dictionary",
    publisher = "Graficas Armitano",
    title = "Diccionario ilustrado Panare-Español, Índice Español-Panare: Un aporte al estudio de los Panares-E'ñepa",
    year = "1994"
}

@mastersthesis{meira1998proto,
    author = "Meira, Sérgio",
    keywords = "reconstruction,trio,carijo,akuriyo",
    school = "Rice University",
    title = "A reconstruction of Proto-Taranoan: Phonology and Inflectional Morphology",
    year = "1998"
}

@incollection{meira2000split,
    author = "Meira, Sérgio",
    editor = "Gildea, Spike",
    address = "Amsterdam",
    keywords = "reconstruction,split-s,overview",
    pages = "201–230",
    publisher = "John Benjamins",
    series = "Typological Studies in Language",
    title = "The accidental intransitive split in the Cariban family",
    volume = "43",
    year = "2000"
}

@incollection{meira2003bakairi,
    author = "Meira, Sérgio",
    editor = "Queixalós, Francesc",
    address = "Brasília, Paris",
    keywords = "bakairi",
    pages = "155–163",
    publisher = "Laboratório de Línguas Indígenas, Centre d'études des langues indigènes d'Amérique",
    title = "A marcação de pessoa nos verbos em Bakairi (Karíb)",
    volume = "2",
    year = "2003"
}

@article{meira2003primeras,
    author = "Meira, Sérgio",
    journal = "Lingua Americana",
    keywords = "yukpa",
    number = "12",
    title = "Primeras observaciones sobre la lengua yukpa",
    volume = "7",
    year = "2003"
}

@article{meira2005bakairi,
    author = "Meira, Sérgio",
    journal = "Anthropological Linguistics",
    keywords = "bakairi",
    number = "3",
    pages = "261–291",
    title = "Reconstructing Pre-Bakairi Segmental Phonology",
    volume = "47",
    year = "2005"
}

@article{meira2005southern,
    author = "Meira, Sérgio and Franchetto, Bruna",
    journal = "International Journal of American Linguistics",
    keywords = "classification,overview",
    number = "2",
    pages = "127–192",
    title = "The Southern Cariban languages and the Cariban family",
    volume = "71",
    year = "2005"
}

@article{meira2006syntactic,
    author = "Meira, Sérgio",
    journal = "International Journal of American Linguistics",
    keywords = "yukpa",
    number = "1",
    pages = "135–150",
    title = "Syntactic reanalysis in Yukpa (Cariban)",
    volume = "72",
    year = "2006"
}

@article{mendez1959yawarana,
    author = "Méndez-Arocha, Alberto",
    journal = "Antropológica",
    keywords = "yawarana",
    pages = "65–84",
    title = "Un vocabulario Yabarana con Apuntes Fonéticos",
    volume = "7",
    year = "1959"
}

@article{muller1975mapoyo,
    author = "Mattéi-Müller, Marie Claude",
    address = "Caracas",
    journal = "Antropológica",
    keywords = "mapoyo",
    pages = "57–78",
    title = "Vocabulario básico de la lengua mapoya",
    volume = "42",
    year = "1975"
}

@book{panarepayne2013,
    author = "Payne, Thomas E. and Payne, Doris L.",
    address = "Leiden",
    keywords = "panare,grammar",
    publisher = "Brill",
    series = "Brill's Studies in the Indigenous Languages of the Americas",
    title = "A Typological Grammar of Panare: A Cariban Language of Venezuela",
    year = "2013"
}

@book{pemondearmellada1944dic,
    author = "de Armellada, Cesáreo",
    address = "Caracas",
    keywords = "pemon,grammar",
    maintitle = "Gramática y diccionario de la lengua {Pemón}",
    publisher = "Artes Gráficas",
    title = "Diccionario",
    volume = "2",
    year = "1944"
}

@incollection{robayo2000avance,
    author = "Robayo Moreno, Camilo Alberto",
    editor = "González de Pérez, María Stella and Rodríguez de Montes, María Luisa",
    address = "Santafé de Bogotá",
    keywords = "carijo",
    pages = "171–180",
    publisher = "Instituto Caro y Cuervo",
    title = "Avance sobre morfología carijona",
    year = "2000"
}

@unpublished{schuring2018kaxuyana,
    author = "Schuring, Phillip Arthur",
    howpublished = "Manuscript",
    keywords = "kaxui",
    title = "Uma gramática morfossintática bâsica da língua Katxuyana"
}

@mastersthesis{souza1993arara,
    author = "de Souza, Shirley Dias Cardoso",
    keywords = "arara",
    school = "Universidade de Brasília",
    title = "Alguns aspectos morfológicos da língua Arara (Karib)",
    year = "1993"
}

@book{stegeman2014akawaio,
    author = "Stegeman, Ray and Hunter, Rita",
    keywords = "kapon",
    publisher = "SIL International",
    title = "Akawaio-English Dictionary",
    url = "https://akawaio.webonary.org/",
    year = "2014"
}

@phdthesis{swiggers2010gramatica,
    author = "Swiggers, Gisela",
    keywords = "pemon",
    school = "Universidad del Zulia",
    title = "Gramática de Referencia del Pemón",
    year = "2010"
}

@book{triocarlin2004,
    author = "Carlin, Eithne B.",
    address = "Frankfurt am Main",
    keywords = "trio,grammar",
    publisher = "Peter Lang",
    series = "Duisburger Arbeiten zur Sprach- und Kulturwissenschaft",
    title = "A Grammar of Trio: A Cariban Language of Suriname",
    volume = "55",
    year = "2004"
}

@phdthesis{triomeira1999,
    author = "Meira, Sérgio",
    keywords = "trio,grammar",
    school = "Rice University",
    title = "A Grammar of Tiriyó",
    year = "1999"
}

@book{von1892bakairi,
    author = "von den Steinen, Karl",
    address = "Leipzig",
    keywords = "bakairi",
    publisher = "Koehler",
    title = "Die Bakaïri-Sprache: Wörterverzeichniss, Sätze, Sagen, Grammatik; mit Beiträgen zu einer Lautlehre der karaïbischen Grundsprache",
    year = "1892"
}

@incollection{waiwaihawkins1998,
    author = "Hawkins, Robert E.",
    editor = "Derbyshire, Desmond C. and Pullum, Geoffrey K.",
    address = "Berlin/New York",
    keywords = "waiwai,grammar",
    pages = "25–224",
    publisher = "Mouton de Gruyter",
    title = "Wai Wai",
    volume = "4",
    year = "1998"
}

@phdthesis{wayanatavares2005,
    author = "Tavares, Petronila da Silva",
    keywords = "wayana,grammar",
    publisher = "UMI",
    school = "University of Houston",
    title = "A grammar of Wayana",
    year = "2005"
}

@article{yamada2011evidentiality,
    author = "Yamada, Racquel-María",
    journal = "International Journal of American Linguistics",
    keywords = "kalina",
    number = "1",
    pages = "59–89",
    title = "A New Approach to \textitky- and \textit-ng in Kari’nja: Evidentiality or Something Else?",
    volume = "77",
    year = "2011"
}
